2237 3535
240 747 346 795 DOMINI
373 746 505 794 PHILIPPI
532 746 730 805 annituntur,
759 748 869 796 aarum
899 747 1002 796 innunt

488 856 560 898 ΤΟΜΙ
584 858 601 898 I.
625 857 709 899 LIBER
723 859 753 899 Π.

378 985 415 1017 DE
431 985 628 1018 PURGATORIO
643 985 711 1017 DIVI
729 986 874 1018 PATRITIL

263 1103 354 1155 Superest
363 1100 427 1140 adhuc
444 1099 530 1140 omnium
546 1098 700 1139 memorabilium
717 1113 780 1139 rerum
791 1098 877 1139 iberniae
887 1099 975 1148 maxima,
991 1098 1015 1138 de

235 1160 273 1212 qut
282 1156 368 1211 principe
377 1155 420 1195 loco
435 1155 503 1194 fuisset
519 1154 622 1206 agendum,
633 1154 671 1194 nisi
687 1154 765 1194 seorsim
775 1154 807 1194 hic
817 1154 880 1194 fusius
889 1154 1013 1194 enarrandam

235 1228 275 1254 esse
285 1211 387 1252 duxissem.
417 1210 447 1250 lla
456 1213 485 1250 est
495 1209 541 1250 Diri
550 1209 627 1250 Patritii
636 1209 781 1261 Purgatorium.

575 1473 631 1514 CAR
657 1473 674 1514 Ι.

350 1582 442 1618 Promittit
448 1583 513 1616 author
520 1593 538 1616 se
546 1583 645 1615 relaturum
653 1583 746 1616 historiam
754 1583 835 1623 hominis,
844 1585 875 1628 qui
883 1596 893 1617 a

441 1627 550 1672 Pnrgatorio
560 1627 603 1661 Divi
611 1628 682 1662 Patritii
690 1639 772 1661 reversus
780 1634 814 1662 est.

234 1724 261 1764 In
278 1722 392 1775 Purgatorio
408 1721 454 1760 Divi
471 1720 548 1760 Patritii
563 1719 668 1760 multorum
685 1721 786 1760 hominum
803 1723 877 1763 animos
894 1722 918 1763 oh
927 1731 1012 1776 peecata,

234 1792 279 1833 quae
294 1776 404 1830 corporibus
421 1775 502 1815 inclusae
520 1774 644 1824 admiserunt,
660 1776 740 1815 cruciari
755 1781 875 1830 compertum
891 1781 925 1818 est.
954 1778 1013 1819 Unde

233 1848 291 1887 quam
300 1832 359 1873 falsus
377 1835 395 1871 et
410 1831 481 1883 impius
496 1829 522 1869 sit
537 1843 590 1870 error
606 1843 671 1870 eornm
682 1830 716 1883 qui
732 1835 840 1884 peccatores
854 1832 982 1874 hominessed
991 1835 1013 1874 in

234 1889 297 1943 gratia
305 1887 343 1927 Dei
359 1886 452 1926 obeuntes
467 1884 601 1938 purgatorium
617 1898 693 1925 manere
710 1890 788 1938 negant,
798 1887 835 1927 hoc
851 1901 912 1928 unum
927 1890 973 1929 satis
983 1893 1012 1930 est

234 1947 361 1997 argumento;
381 1945 511 1994 praeterquam
528 1939 580 1992 quod
597 1939 666 1979 divinis
682 1940 751 1981 litteris
770 1942 888 1994 apertissime
907 1943 1011 1997 colligitur.

233 1999 278 2052 Ego
298 1997 375 2051 quidem
394 1995 433 2049 legi
452 1999 471 2035 et
490 1995 511 2035 in
531 1994 614 2047 quodam
633 1994 723 2036 Ibernico
747 1995 796 2036 libro
821 2001 840 2036 et
864 1998 914 2050 apud
938 1998 1012 2039 Divum

233 2053 349 2107 Dionysium
359 2051 508 2092 Garthusianum
525 2050 546 2089 in
561 2064 617 2103 opere
627 2049 650 2090 de
660 2057 743 2102 quatuor
752 2050 869 2092 Nouissimis
879 2057 898 2092 et
907 2053 931 2093 de
938 2054 1012 2107 judicio

234 2109 305 2150 animae
322 2107 410 2147 historias
426 2106 526 2146 hominnm
543 2106 577 2157 qui
591 2105 638 2145 Diri
654 2105 731 2146 Patritii
740 2108 873 2159 purgatorium
890 2108 982 2158 riserunt,
993 2118 1013 2149 et

233 2178 300 2204 rursus
310 2162 334 2203 ad
342 2176 379 2202 nos
396 2160 477 2214 gradum
492 2164 612 2208 revocarunt,
623 2174 670 2212 quas
684 2160 762 2201 silencio
772 2175 825 2201 nunc
834 2162 916 2202 involvo.
946 2163 1012 2204 Unam

234 2219 315 2259 referam
323 2217 430 2265 historiam,
442 2229 499 2268 quam
509 2215 589 2255 antehac
600 2228 700 2267 nunquam
714 2215 766 2267 quod
780 2230 816 2268 ego
827 2217 891 2266 seiam,
906 2217 1012 2259 Latinitate

236 2274 331 2322 donatam,
346 2272 397 2312 inter
409 2271 506 2310 litutarios
522 2284 575 2310 ineos
591 2270 675 2309 inuenio.
704 2270 773 2323 Itaque
783 2285 828 2311 cum
844 2286 919 2325 agerem
928 2273 949 2313 in
960 2275 1012 2314 ouria

234 2327 329 2369 Catholici
341 2327 392 2380 regis
409 2325 550 2373 florentissima,
560 2338 606 2364 oum
620 2323 720 2365 nonnullis
729 2326 774 2365 viris
785 2326 864 2366 eruditis
883 2332 902 2367 et
915 2330 1011 2369 acerrimis

234 2383 353 2437 antiquitatis
362 2380 508 2434 indagatoribus
518 2379 565 2419 mihi
580 2393 619 2419 non
628 2379 704 2432 ingrata
712 2380 830 2421 familiaritas
839 2381 952 2424 intercessit.
980 2384 1012 2424 En

235 2440 262 2479 eis
281 2452 331 2478 nnus
345 2437 394 2478 mihi
410 2434 562 2476 accommodavit
575 2434 661 2475 libellum
680 2436 838 2489 manuscriptum,
863 2438 895 2491 qni
918 2439 1012 2479 itamonis

236 2493 359 2534 Vicecornitis
368 2491 440 2532 nobilis
450 2490 534 2543 Hispani
551 2489 689 2543 prosectionem
700 2490 721 2530 in
730 2490 777 2530 Divi
786 2491 862 2532 Patritii
870 2495 1010 2547 purgatorium,

235 2548 263 2589 ihi
273 2562 333 2596 casus,
349 2547 474 2599 indidemque
487 2544 571 2585 reditum
581 2545 698 2585 continebat.
727 2545 773 2585 Fuit
783 2551 847 2587 autem
860 2549 901 2602 ipso
911 2549 1011 2590 codicillus

235 2603 360 2656 inscriptione
368 2602 426 2643 fidem
441 2601 525 2642 faciente
541 2599 565 2640 ab
579 2599 646 2640 eodem
656 2599 773 2640 Vicecomite
783 2604 899 2656 compositus
908 2604 1012 2646 Lemosina

236 2659 303 2710 lingna
320 2658 354 2709 (ita
370 2661 450 2697 vocatur
465 2655 551 2709 priscum
566 2655 639 2695 idioma
655 2669 721 2695 eornm
738 2654 839 2710 Hispaniae
851 2659 968 2713 populorum
979 2661 1012 2713 qui

235 2712 294 2754 hodie
303 2711 369 2764 lingna
376 2727 411 2753 sua
420 2712 508 2752 Catalani
515 2709 661 2764 nuncupantur)
667 2713 746 2763 etopera
752 2711 816 2752 fratris
823 2712 1012 2755 FrancisciXimenis

235 2783 246 2809 e
263 2766 389 2807 Franciseana
405 2768 501 2807 minorum
517 2765 609 2819 religione
625 2765 719 2819 Episcopi
734 2765 792 2807 Elnae
807 2771 826 2807 et
842 2768 1012 2819 Hierosolymitani

233 2821 353 2864 Patriarchae
370 2836 413 2862 eum
430 2822 471 2862 aliis
488 2821 586 2862 codicibus
602 2821 700 2860 inunum
716 2820 806 2862 volrnnen
821 2825 915 2865 redactus.
955 2824 1012 2869 Quod

234 2878 326 2920 volumen
335 2877 386 2930 typis
396 2878 508 2919 mandatum
523 2877 641 2926 Ruseinone,
652 2875 704 2929 quod
719 2876 811 2930 oppidum
824 2880 881 2920 hodie
891 2879 1013 2933 Perpinnana
