2237 3535
85 412 129 440 citu.
146 396 193 449 vit]
308 410 334 438 un
349 410 413 438 nunno
428 408 546 441 ournuncnu
560 407 668 436 annonem.
815 395 854 434 tle*

84 509 147 563 piunt.
177 505 231 550 Quos
242 504 386 558 O'Sullevanus,
397 506 518 555 O’Oonohur,
528 505 640 558 Dermysius
655 502 794 544 O'Sullevanus
804 506 857 557 pater

85 576 145 611 meus,
156 561 263 601 Gulielmus
273 562 356 613 Bnrlrus,
373 567 392 604 et
402 562 433 604 alii
443 563 479 603 viri
488 560 563 602 nobiles
573 560 639 612 paucis
649 558 734 599 comitati
750 562 856 611 sequuntur

85 631 129 659 curn
135 616 180 665 illis,
188 630 236 669 quos
246 618 325 658 retinere
334 633 374 659 non
384 621 494 672 potuerunt,
503 616 562 656 satius
569 614 661 655 ducentes
671 614 743 666 lugere,
752 626 810 666 quam
816 613 857 652 sinc

84 671 177 713 militibus
186 671 208 711 iu
218 672 278 712 hostis
287 687 354 714 manus
363 674 452 714 incidere.
480 671 514 712 Ita
523 669 662 711 O’Sullevanus
671 669 746 721 Aspera
758 668 808 708 valle
818 667 856 721 pel-

84 729 131 768 litur
140 727 173 767 vis
183 727 292 779 quindecim
307 728 400 770 militibus
416 727 533 776 desideretis,
548 728 567 766 et
583 724 672 765 hostibus
681 723 771 764 trecentis
780 723 801 763 id
812 736 856 775 qua-

83 781 170 823 triduum
184 782 239 832 ferro,
256 783 332 837 frigore,
348 784 453 838 morboque
470 781 595 835 consumptis.
611 779 667 833 Regii
685 778 776 819 Bearranr
795 782 856 818 totam

85 836 151 878 multis
161 836 229 889 opibus
239 837 375 892 locupletatum
383 839 488 888 devastant,
495 837 585 885 Ardeam,
596 839 616 876 et
625 833 796 887 Torrentimpemt
806 846 856 873 arces

83 893 105 932 in
122 891 237 932 deditionem
247 894 365 947 accipientes,
377 893 499 934 O’Sullevani
515 906 580 941 uxore,
598 891 612 931 J
613 891 693 951 ohanna,
705 889 787 929 sunnia
796 892 856 928 matre

83 946 221 1041 lmeabaliisque
230 948 326 988 nobilibus
343 949 418 990 feminis
427 949 447 989 in
457 947 543 997 saltibus,
553 950 572 986 et
582 946 677 987 montium
685 945 739 998 jugis
749 958 790 984 sese
800 957 856 984 oceu-

91 1001 130 1042 cnti
145 1016 173 1042 us.

408 1219 466 1259 OAP.
481 1218 530 1258 VH.

83 1326 160 1368 Oarbrii,
169 1330 186 1359 et
193 1326 247 1371 Regii
255 1327 337 1369 utrinque
344 1326 418 1359 aduerso
424 1325 483 1358 Marte
491 1325 585 1365 dimicaut3
596 1325 630 1358 duo
636 1325 735 1359 sacerdotes
741 1325 852 1358 occiduntur.

293 1371 334 1404 Mac
344 1371 400 1405 Moris
408 1371 525 1415 possessiones
533 1370 639 1413 assequitur.

83 1477 130 1517 Hoc
146 1481 230 1530 tempore
248 1476 286 1516 duo
301 1476 396 1529 Dionysii,
415 1480 433 1515 et
448 1475 557 1516 Florentius
575 1475 622 1515 Mac
638 1475 720 1523 Carrhae,
741 1475 854 1529 Dermysius

82 1531 200 1572 O'Driscolis
216 1531 285 1583 filiusll
297 1531 391 1571 Thadaeus
401 1530 510 1570 O’Mahuni
525 1529 598 1570 Oarbrii
613 1530 669 1579 filius,
684 1529 773 1578 Maurus,
788 1535 808 1570 et
824 1531 920 1586 abipsa]

82 1587 156 1639 equites
175 1586 220 1626 Mac
231 1585 312 1634 Suinnii,
329 1586 350 1625 in
367 1584 545 1634 barbilaesium
562 1599 610 1637 quos
624 1584 728 1625 Mauritius
744 1584 855 1626 Giraldinus

82 1654 140 1694 eques
159 1642 244 1680 Auratus
262 1640 331 1689 Albus,
351 1640 427 1680 [laetius
446 1639 603 1692 Anglo-Ibernus
619 1640 705 1692 equitum
722 1645 791 1680 turmae
809 1640 854 1690 dux,

82 1696 169 1745 Muscrii,
179 1699 199 1734 et
208 1694 309 1749 Faramuyi
325 1695 405 1748 pedites,
416 1694 505 1735 nonnulli
519 1694 585 1747 Angli,
596 1709 662 1735 omnes
672 1695 746 1735 circiter
757 1694 854 1756 ¹quadrin-

82 1751 136 1803 genti
155 1750 271 1791 Corcaclraur
289 1764 308 1790 se
325 1750 432 1790 conferunt.
467 1749 501 1790 Illi
521 1753 637 1790 armatorum
655 1764 735 1790 nurnero
754 1749 854 1790 inferiores

82 1809 142 1846 eraut.
184 1805 282 1857 Utrinque
305 1805 329 1845 ad
353 1805 467 1845 Cladaehanr
491 1804 562 1858 sylvam
590 1819 658 1858 pamm
685 1803 774 1858 prospere
797 1804 853 1845 dimi-

82 1864 142 1900 catur.
170 1860 235 1900 Priore
246 1860 276 1899 die
285 1860 380 1899 Thadaeus
389 1860 479 1899 Muscriis
488 1859 584 1912 peditibus
595 1873 695 1900 occurrens
708 1860 852 1913 quatuordecim

82 1914 157 1964 occidit,
175 1919 252 1954 caeteros
261 1915 282 1954 in
299 1915 365 1967 fugam
374 1918 456 1954 uertens.
484 1914 592 1954 Posteriore
606 1914 642 1963 die,
653 1915 709 1963 idem,
720 1915 765 1954 Mac
775 1914 851 1955 Carrhae

81 1970 161 2023 equites,
170 1969 288 2022 Dermysius,
299 1973 317 2008 et
327 1969 373 2009 Mac
383 1969 452 2008 Suinni
460 1969 534 2021 equites
544 1968 660 2009 offendentes
670 1969 767 2023 peditatus
776 1969 851 2009 hostilis

80 2024 191 2072 tumultum,
202 2024 277 2064 circiter
286 2023 411 2076 quadraginta
420 2024 542 2063 interficiunt.
570 2023 645 2063 Eodem
655 2028 752 2064 momento
762 2024 794 2064 alii
804 2023 849 2064 Mac

80 2079 193 2119 Garrharum
203 2077 276 2131 pedites
286 2078 372 2131 dissipati
382 2078 455 2131 aregio
470 2078 556 2131 equitatu
573 2079 697 2119 circumuenti
705 2079 775 2131 uiginti
784 2079 850 2119 interi-

79 2138 165 2183 muntur,
176 2134 237 2173 caeteri
246 2133 361 2173 funduntur.
389 2133 514 2186 Fugientium
523 2132 580 2185 tergis
593 2132 714 2173 vehementer
722 2134 783 2173 haret
792 2147 850 2185 eques

79 2188 165 2228 Auratus
174 2187 242 2236 Albus,
253 2189 302 2228 etin
310 2188 385 2227 inuium
393 2201 441 2240 equo
451 2187 521 2236 locuni,
531 2188 635 2228 [thadaeum
645 2188 768 2228 O'Cruehunr
778 2202 849 2241 cogno-

80 2246 145 2282 mento
155 2242 256 2282 Furiosum
266 2246 342 2283 secutus
352 2256 400 2295 equo
411 2242 479 2291 desilit,
485 2242 572 2296 ferroque
578 2257 690 2296 congressus
698 2243 774 2283 duobus
784 2243 850 2296 digitis

80 2296 133 2337 laevae
142 2311 209 2337 manus
224 2297 329 2347 annulatio,
340 2302 358 2338 et
368 2297 480 2338 auriculario
495 2297 557 2347 simul,
568 2302 587 2337 et
596 2312 645 2351 equo
656 2297 756 2338 bFurioso
766 2299 849 2338 exuitur.

80 2351 135 2391 luter
144 2351 179 2392 hos
195 2352 290 2392 tumultus
306 2352 405 2406 Eugenius
420 2352 464 2393 illac
471 2352 577 2406 Eoganust
586 2353 719 2406 integerrimae,
730 2357 750 2393 et
758 2353 849 2393 innocen-

79 2406 158 2447 tissimae
174 2406 218 2446 vitae
233 2408 326 2457 sacerdos,
344 2407 377 2461 qui
392 2407 453 2447 Roma
467 2421 530 2460 nuper
545 2421 632 2448 reuersus
648 2413 677 2448 est
693 2407 776 2449 doctoris
792 2422 849 2449 sacrae

103 2530 111 2546 *
124 2528 172 2562 That
180 2528 200 2569 is,
208 2528 328 2569 Uarrilrnesse,
337 2541 360 2564 on
368 2530 398 2562 the
405 2530 453 2562 river
462 2530 541 2572 Ourane,
550 2530 590 2564 four
599 2531 648 2565 miles
656 2531 702 2565 from
710 2532 785 2575 Bantry.
800 2531 850 2576 They

81 2574 111 2607 did
118 2578 151 2651 nqt
158 2575 252 2608 surrender
260 2575 306 2608 until
315 2574 418 2609 O’Sulliuan
424 2574 458 2607 had
464 2574 498 2608 ded
504 2574 550 2609 from
557 2575 753 2621 Glengariffi-Paeutc
758 2577 849 2616 Hibernia,

80 2618 98 2651 ii.
107 2630 124 2662 p.
146 2621 174 2652 60.
280 2646 281 2649 ,

103 2665 112 2705 †
126 2663 160 2697 See
174 2664 203 2697 the
217 2664 294 2708 English
307 2669 383 2698 account
397 2664 417 2699 of
426 2664 460 2697 this
472 2670 593 2708 engagement,
608 2665 642 2699 and
657 2666 711 2700 Owen
726 2666 767 2700 Mac
782 2667 849 2712 Egan's

81 2708 139 2748 death,
148 2709 226 2754 January
234 2712 245 2741 5
254 2709 285 2752 (Ο.
299 2709 332 2753 8.),
344 2712 394 2750 1602,
407 2710 426 2743 in
438 2710 468 2742 the
481 2709 547 2743 Pacata
556 2710 645 2751 Iliberrim,
653 2711 671 2745 ii.
681 2722 698 2755 p.
707 2713 748 2744 661.
773 2711 803 2745 He
815 2724 850 2746 was

81 2751 144 2786 buried
152 2754 170 2787 in
178 2755 207 2787 the
217 2754 273 2799 abbey
281 2755 302 2788 of
311 2755 431 2800 Timoleague.
455 2754 494 2787 “In
507 2754 541 2787 hoc
555 2760 642 2788 conuentu
653 2756 713 2799 jacent
721 2767 761 2790 ossa
774 2757 793 2791 S.
802 2757 851 2791 Mar-

80 2797 124 2841 tyris
132 2798 205 2832 Domini
213 2800 289 2842 Eugenii
297 2800 337 2833 Mac
346 2801 405 2844 Egon,
414 2799 442 2844 qui
450 2801 531 2832 assistens
545 2800 630 2833 exercitui
642 2801 775 2835 Catholicorum
788 2807 851 2837 contra

80 2841 172 2877 haereticos
186 2845 209 2877 ad
221 2849 298 2878 mortem
311 2846 414 2879 vulneratus
428 2848 445 2877 et
458 2856 490 2888 pro
503 2849 574 2877 mortuo
587 2845 660 2878 relictus
672 2846 743 2880 taudem
757 2847 802 2881 obiit
811 2859 852 2881 curn

81 2896 145 2929 magno
154 2890 233 2934 exemplo
242 2890 321 2923 caritatis
335 2896 353 2924 et
367 2890 405 2923 zeli.
419 2889 500 2933 Sepultus
508 2890 559 2922 estin
568 2890 645 2924 claustro
652 2891 704 2934 juxta
711 2892 797 2937 angulum
806 2894 851 2926 ocei-

81 2930 169 3008 deqtplem
183 2940 200 2967 et
213 2935 339 2979 aquilonarem,
356 2940 373 2970 et
386 2936 459 2978 desuper
467 2939 493 2968 est
506 2945 550 2968 erun
563 2946 618 2979 parva
633 2936 651 2970 iu
662 2937 851 2983 pariete.’'-Mconcy‚

80 2985 97 3017 p.
132 2999 136 3008 .
