2237 3535
264 385 304 423 238
393 385 527 426 o’sununvnnr
543 398 645 426 nrsronrra
661 398 786 434 onrnonron,
796 397 845 425 ron.
860 397 893 424 nr.
934 383 984 436 [nra.
995 396 1033 424 vn.

261 506 302 532 nox
319 493 391 535 dirimit
407 509 498 549 pugnam.
527 495 607 535 Postero
623 494 653 535 dic
668 497 716 549 regii
725 511 764 537 rem
774 510 808 550 per
822 495 926 549 legationes
942 493 1034 534 conficere

262 547 344 588 ducunt.
380 549 533 604 Propngnatores
553 548 632 601 dejecta,
651 550 803 604 labefactataque
821 550 889 603 majori
906 548 955 588 arcis
973 552 1033 601 parte,

262 603 332 644 amisso
342 603 395 652 duce,
406 604 516 644 vulneribus
525 603 607 655 fatigati,
618 604 683 645 multis
690 605 744 645 malis
751 606 826 655 defessi,
832 605 890 659 pacti,
896 608 919 644 nt
927 602 1033 644 incolumes

261 657 409 706 dimitterentur,
425 658 523 699 castellum
538 658 613 698 dedunt
621 673 687 699 mense
697 659 819 713 Septembrill
836 661 910 701 decimo
925 659 993 712 quinto
1002 657 1034 698 die

262 712 372 753 obsidionis.
400 712 505 765 Postquam
515 713 563 766 regii
572 717 619 753 sunt
628 713 726 755 castellnm
736 714 823 767 ingressi,
830 714 937 755 Richardus
947 712 1033 755 nondum

262 767 353 808 exanimis
363 780 407 807 cum
417 767 522 819 Anglicnm
535 781 605 808 sonum
619 769 716 816 audiisset,
728 769 847 822 linquentem
858 771 943 810 animum
951 771 1033 816 revocat,

261 826 280 862 et
290 821 391 875 sulphureo
402 822 482 875 pulveri,
493 823 547 876 cujus
562 836 603 863 non
620 824 688 877 exigna
704 823 785 864 facultas
794 827 835 864 erat
844 824 866 864 in
876 824 959 875 castello,
968 824 1033 877 ignem

260 877 322 930 pergit
331 877 431 930 applicare,
448 878 512 918 hostes
522 877 658 931 proculdubio
675 878 817 927 combusturus,
827 878 872 928 nisi,
882 883 984 932 antequam
993 892 1034 919 reru

259 932 364 985 perficeret,
379 933 455 986 spiritui
474 932 616 974 destitueretur.
645 933 727 974 Pactum
743 937 762 973 et
778 932 832 982 fides,
842 933 926 986 Anglicat
941 933 1033 987 religione

259 986 351 1027 dedititiis
362 991 459 1027 servatur:
475 1002 519 1028 nam
533 988 575 1037 viri,
587 993 606 1028 et
622 988 698 1029 tenduae
714 989 782 1042 laqueo
799 988 950 1041 strangulantur.
979 988 1033 1032 Quot

259 1046 414 1095 oppugnatorum
423 1043 520 1096 perierint,
530 1057 570 1083 uon
580 1044 629 1084 inter
638 1058 705 1084 omnes
715 1043 810 1092 convenit,
820 1043 920 1084 nonnullis
933 1043 1032 1084 asserenti·

259 1096 295 1136 bus
305 1097 429 1138 succubuisse
439 1101 543 1147 sexcentos,
553 1097 595 1138 aliis
605 1100 709 1152 pauciores,
720 1098 761 1140 aliis
771 1099 842 1153 plures.

286 1151 366 1192 Eisdem
376 1152 449 1203 diebus,
460 1153 529 1206 quibus
539 1168 573 1194 arn
589 1153 678 1194 Dnmbea
695 1159 824 1208 oppugnatur,
833 1152 935 1206 Eugenius
945 1152 1032 1193 O'Snlle-

258 1221 325 1257 vanno,
336 1212 356 1247 et
365 1207 379 1248 J
379 1208 450 1248 obanes
460 1207 558 1248 Bostolrns
567 1209 644 1262 Anglns
653 1209 675 1249 in
684 1209 743 1249 Beam
760 1208 857 1253 insularu†
867 1206 949 1248 navibus
959 1207 1032 1248 vehun-

258 1266 296 1311 tur,
306 1262 327 1302 in
337 1275 375 1315 qua
384 1269 425 1304 erat
434 1264 570 1303 monasterium
581 1264 738 1305 alBonaventura
746 1263 843 1317 Episcopo
858 1262 947 1316 Hispano
957 1265 1031 1303 extruc-

257 1321 306 1366 tum,
326 1317 359 1358 sed
379 1318 390 1358 a
408 1318 475 1371 piratis
495 1318 587 1368 dirutum,
603 1320 697 1373 templum
716 1325 782 1359 sancto
802 1318 894 1359 Michaeli
909 1318 1031 1370 Archangelo

258 1372 349 1421 dicatum,
369 1378 388 1413 et
407 1372 506 1413 castellum
521 1374 532 1413 a
545 1378 600 1428 patre
616 1388 659 1414 meo
673 1374 774 1427 Dermysio
792 1373 897 1422 conditum,
908 1372 961 1425 quod
975 1372 1032 1425 pauci

257 1426 327 1467 milites
338 1427 421 1468 Cornelii
438 1427 556 1469 O'Driscolis
572 1429 661 1482 praesidio
671 1429 768 1470 tenebant.
798 1428 868 1469 Subito
878 1428 938 1468 hostis
948 1427 1032 1468 adventu

257 1482 344 1523 insularii
353 1483 418 1537 pavidi
427 1483 452 1524 ad
465 1498 512 1532 aras,
528 1498 571 1537 pars
590 1485 669 1538 supplex
679 1484 799 1537 confugiunt,
810 1498 854 1537 pars
863 1482 945 1523 latebras
955 1485 1030 1536 petunt,

257 1551 301 1590 pars
310 1538 332 1577 in
342 1538 441 1578 castellnm
451 1552 470 1578 se
486 1539 589 1592 recipiunt,
606 1539 657 1592 qudd
673 1540 740 1579 armati
750 1538 811 1592 pauci,
822 1538 928 1587 tormentis,
939 1542 959 1577 et
968 1537 1030 1577 mnni-

257 1592 345 1632 tionibus
354 1593 434 1642 nndum,
445 1593 496 1633 hosti
505 1593 656 1634 incolumitatem
672 1594 769 1648 pollicenti
778 1594 904 1634 tradiderunt.
926 1592 987 1645 Angli
997 1606 1031 1632 suo

258 1661 310 1687 more
327 1647 400 1688 facinus
417 1649 541 1688 committunt
557 1649 620 1689 rnnltb
635 1649 697 1702 magis
714 1649 738 1689 ad
754 1648 879 1696 crudelitatis,
893 1661 951 1701 quam
966 1647 1031 1700 gloriae

258 1702 328 1742 famam
338 1703 419 1756 insigne.
449 1702 531 1743 Castello
542 1703 612 1752 diruto,
623 1704 694 1757 templo
705 1709 724 1743 et
733 1704 788 1743 tectis
797 1703 887 1751 incensis,
897 1707 937 1742 tarn
946 1702 1031 1755 praesidi-

257 1757 306 1797 arios
314 1759 372 1797 armis
382 1762 455 1806 exutos,
466 1772 524 1810 cluam
540 1762 625 1807 caeteros,
640 1772 700 1807 senes,
715 1758 804 1807 infantes,
815 1763 834 1798 et
844 1757 929 1798 faeminas
939 1758 960 1797 in
969 1771 1030 1796 nuum

257 1816 333 1852 coactos
343 1812 446 1866 glandibus
456 1813 576 1861 confodiunt,
594 1813 702 1866 gladiorum
715 1813 786 1854 ictibus
800 1813 890 1861 lacerant,
900 1812 960 1852 hastis
969 1815 1031 1852 trans-

256 1867 325 1921 figunt.
354 1868 394 1908 Alii
410 1868 509 1917 infantem,
520 1872 540 1908 et
556 1870 656 1917 nutricem,
668 1869 727 1921 aqua
737 1868 780 1907 sinn
790 1867 907 1920 gestabatur,
918 1866 995 1907 ensibus
1006 1866 1030 1907 ad

256 1922 347 1975 capulum
362 1923 426 1963 infixis
442 1923 546 1977 trajiciunt,
563 1923 596 1963 alii
611 1923 703 1977 puerulos
717 1923 777 1963 hastis
791 1923 906 1963 transfossos
920 1926 1030 1971 trementes,

256 1981 314 2030 atque
323 1977 439 2031 palpitantes
449 1978 503 2018 sociis
519 1982 623 2019 ostentant.
653 1978 725 2019 Omnes
739 1978 820 2032 denique
837 1981 904 2018 catena
912 1977 987 2017 uinctos
996 1991 1031 2030 per

255 2036 369 2087 praeruptos,
376 2036 434 2086 atque
440 2033 558 2073 acutissimos
568 2032 657 2087 scopulos
666 2034 687 2074 iu
696 2047 748 2074 mare
757 2033 865 2086 praecipites
876 2033 928 2081 daut,
939 2031 1029 2085 globulis,

256 2092 275 2128 et
284 2087 380 2141 lapidibus
388 2087 496 2128 obruentes.
504 2087 535 2128 lta
543 2088 636 2129 Catholici
646 2088 721 2129 circiter
729 2088 816 2137 trecenti,
827 2101 910 2141 quorum
919 2088 980 2141 major
986 2100 1030 2140 pars

256 2144 315 2197 patris
325 2144 363 2183 mei
373 2143 469 2198 Dermysii
479 2143 558 2183 obaerati
567 2148 628 2192 erant,
637 2144 742 2197 perierunt.

190 2203 247 2245 [leh]
285 2197 363 2242 Quibus
372 2198 429 2239 rebus
444 2198 491 2239 actis
500 2199 548 2251 regii
557 2198 638 2238 navibus
648 2199 740 2239 tBearra
746 2197 859 2248 solventesll
877 2195 992 2236 Oorcacham
1000 2211 1029 2237 re-

256 2253 322 2303 deunt,
339 2253 464 2294 Dominicum
481 2252 600 2293 O'Colannm
622 2253 692 2293 laicnru
707 2253 819 2306 religiosum
840 2251 917 2292 &sacra
934 2251 1029 2291 Societate

255 2308 309 2358 Jcsn,
320 2309 354 2362 qni
364 2309 387 2349 ad
396 2309 448 2361 ipsos
458 2309 469 2348 b
478 2307 573 2348 Dnmbeae
590 2308 677 2361 praesidio
686 2307 820 2349 internuncius
836 2307 897 2347 fuerat
911 2307 986 2355 missus,
997 2307 1029 2347 de-

254 2364 357 2414 terentesn
386 2363 406 2404 ls
416 2364 428 2403 a
437 2363 593 2404 Protestantibus
609 2363 774 2404 Ministroclericis
791 2365 947 2415 argumentorum
958 2361 1029 2402 callidi-

253 2422 293 2459 tate
302 2419 374 2459 frnstra
382 2419 512 2473 impugnatus,
522 2419 627 2473 propositis
641 2418 717 2471 magnis
733 2416 822 2471 praemiis,
832 2417 937 2471 praesertim
954 2416 1029 2457 ccclesi-

276 2562 288 2584 *
301 2560 335 2593 See
346 2571 368 2592 an
383 2562 458 2592 account
472 2558 493 2591 of
501 2558 536 2591 this
544 2558 599 2602 siege,
612 2557 680 2591 Pacata
688 2555 781 2595 Hibernia,
789 2556 839 2590 Boolr
852 2556 890 2590 ΠΙ.
900 2567 937 2600 cap.
946 2556 988 2596 viii„
1000 2569 1028 2591 ac-

254 2605 329 2649 cording
337 2609 356 2637 to
363 2604 420 2637 which
428 2604 443 2636 it
449 2604 560 2636 commences}
569 2615 592 2636 ou
597 2604 628 2636 the
635 2603 667 2639 7ch
676 2602 711 2635 and
720 2601 775 2634 ended
784 2613 806 2634 on
812 2602 842 2635 the
850 2601 975 2635 lethofJune.
985 2606 997 2622 “
1003 2602 1027 2635 So

255 2650 342 2683 obstinate
351 2650 385 2682 and
392 2649 474 2682 resolved
482 2660 492 2681 a
500 2648 571 2682 detence
585 2648 621 2681 had
634 2652 667 2681 not
680 2646 710 2678 bin
724 2656 773 2679 seene
784 2647 846 2680 within
857 2647 893 2680 this
904 2646 1028 2690 kingdom.’⁷..

254 2695 300 2728 Ibid.
325 2695 395 2729 Archer
404 2694 439 2727 and
452 2693 517 2726 (lollius
525 2694 560 2727 had
568 2693 599 2726 the
607 2692 656 2726 chief
665 2691 717 2725 share
724 2691 743 2723 in
749 2692 846 2737 sustaining
854 2692 875 2725 it.

276 2740 289 2783 †
302 2740 347 2773 This
360 2740 423 2778 island,
432 2738 489 2772 called
503 2738 569 2783 Beaby
586 2749 619 2771 our
633 2737 704 2774 author,
715 2740 763 2768 must
773 2737 795 2770 be
808 2737 886 2781 Dursey,
898 2740 917 2769 at
928 2736 959 2769 the
978 2736 1028 2779 point

254 2786 274 2818 of
284 2786 314 2818 the
323 2784 414 2830 peninsula
427 2784 505 2817 between
518 2784 588 2827 Bantry
600 2782 635 2816 and
646 2782 737 2815 Kenmare
745 2780 791 2825 hays.
817 2783 846 2817 On
855 2782 886 2815 the
895 2781 936 2814 luth
944 2780 966 2814 of
974 2781 1026 2820 June,

254 2829 484 2864 uarewsentssosconand
500 2828 554 2862 Owen
563 2827 668 2862 O'Snllivan
681 2830 699 2858 to
713 2825 754 2859 take
767 2827 787 2860 it.
814 2828 865 2871 They
877 2826 979 2866 succeeded,
992 2828 1027 2861 and

253 2876 353 2909 massacred
361 2875 390 2908 the
398 2874 606 2908 inhabitants—Pacata
614 2870 706 2910 Hibernia,
711 2870 729 2905 ii.
739 2883 756 2915 p.
765 2875 804 2906 563.

276 2921 285 2961 t
299 2921 337 2953 The
347 2932 406 2964 enemy
421 2920 459 2953 said
472 2920 494 2952 he
506 2916 625 2952 surrendered
638 2922 657 2950 at
669 2915 864 2951 discretion.-.Paeata
874 2916 966 2957 Hibernia,
979 2917 997 2949 ii,
1007 2929 1024 2961 p.

253 2967 293 3001 572.
829 2969 831 2972 ⁴
