2174 3535
257 354 298 392 191
398 356 533 396 o’sunnnvnnr
548 367 650 395 ursrorurn
665 369 789 406 curuonrcn,
803 370 850 398 rou.
861 369 888 397 rr.
949 356 998 408 [nra.
1012 369 1027 396 1.

255 466 325 507 nolunt
335 468 407 519 audire,
418 483 462 510 cum
476 467 551 508 Ibernis
568 466 718 520 praeceptoribus
734 471 863 522 paciscuntur,
874 473 896 510 ut
904 468 933 509 illi
947 467 1026 509 dimidia

255 522 343 563 mercede
352 523 440 564 fruantur
450 523 544 570 docentes,
556 521 622 575 etalia
631 521 709 561 dimidia
719 524 756 563 sibi
766 525 872 565 ociantibus
881 524 977 566 reddatur.

282 576 315 618 Ne
325 577 480 630 protanatempla
486 577 614 630 frequentare,
620 576 722 616 mortiferis
728 577 860 619 haereticarum
868 578 1025 633 superstitionum

255 630 372 672 solemnibus
381 633 471 672 interesse
488 634 588 684 cogantur,
598 630 631 671 alii
640 632 738 685 perpetuis
754 632 831 673 mulctis
848 635 912 687 affligi,
922 633 954 674 alii
963 636 1024 673 morte

254 685 518 741 1111111111111,111111111
536 686 624 739 pecuniae
639 686 713 726 sumunt
730 687 841 736 constitute,
856 703 881 729 ne
896 690 920 729 ad
933 687 1023 729 nefandas

254 741 374 781 ceremonias
384 744 509 790 accersantur,
520 741 636 793 transigunt.
661 741 708 781 Non
718 741 793 790 desunt,
804 742 837 794 qui
847 742 1022 791 Ministroclericos,

253 796 289 835 etsi
302 794 352 844 rari),
362 795 455 837 occidant.
470 794 530 836 Multi
546 795 583 835 illis
603 798 676 836 metum
691 796 795 845 incutiunt,
810 800 832 836 ut
848 811 884 838 nec
899 799 937 852 ipsi
953 811 1023 838 munus

252 850 362 890 haereticum
378 864 470 899 exercere,
487 864 523 891 nec
540 850 649 891 Catholicos
671 850 777 891 sacerdotes
794 850 863 892 divinis
877 852 944 893 officiis
958 852 1023 906 probi·

251 904 295 944 bere
304 903 393 945 audeant.
422 905 533 946 Ridiculum
550 909 585 954 est,
603 905 656 958 quod
671 906 691 946 in
703 905 808 946 humilibus
818 906 872 960 pagis
882 906 905 947 ab
916 907 963 961 ipsis
974 907 1023 960 agri-

251 958 303 1008 colis,
313 962 333 999 et
342 960 419 1000 rusticis
428 966 539 1013 usurpatur,
548 959 675 1001 invitantibus
684 960 782 1001 ministros
792 961 816 1000 ad
821 962 940 1015 jentaculum
947 976 1022 1002 sunnno

250 1028 305 1054 mane
315 1014 383 1055 diebus
392 1015 452 1064 festis,
463 1019 482 1056 et
491 1016 544 1064 rino,
554 1029 603 1069 aqua
613 1015 664 1064 vitae,
675 1015 759 1064 cervisia,
769 1014 842 1056 tabacei
856 1016 920 1057 herbae
930 1017 989 1066 fumo,
1005 1021 1024 1057 et

248 1068 327 1121 puluere
340 1069 485 1119 inebriantibus,
503 1071 668 1122 sacrificantesque
682 1070 759 1111 Baccho
769 1071 865 1124 regiorum
876 1084 973 1112 sacrorum
986 1071 1022 1111 im-

249 1138 342 1165 memores
351 1124 482 1165 reddentibus.

276 1178 349 1220 Omnes
368 1179 461 1220 Catholici
480 1179 584 1220 reclamant
599 1180 679 1234 injurias
695 1181 733 1220 toti
749 1181 804 1235 regni
821 1180 894 1230 inferri,
913 1184 1022 1234 cunctaque

246 1237 316 1287 praeter
333 1249 411 1284 morem,
428 1235 537 1288 exemplum
560 1239 618 1288 atque
637 1234 688 1288 leges
709 1235 761 1288 agi.
783 1235 893 1276 Sacerdotes
912 1236 1021 1276 Catholicos

246 1290 332 1342 hospicio
350 1291 454 1344 excipiunt,
470 1291 492 1331 in
507 1289 586 1339 aedibus,
602 1293 623 1329 et
638 1290 688 1330 villis
707 1290 816 1331 occultant:
838 1290 861 1330 ab
879 1291 1021 1344 inquirentibus

246 1344 316 1398 Anglis
327 1345 439 1394 detendunt,
449 1345 520 1386 victum
537 1344 574 1384 illis
584 1343 637 1398 large
647 1345 775 1398 suppeditant,
787 1359 895 1398 quanquam
905 1346 1020 1399 compellan-

246 1403 279 1439 tur
295 1401 379 1441 ccclesia
399 1399 500 1454 vectigalia
516 1400 608 1440 ministris
628 1399 722 1440 haereticis
740 1400 829 1454 pendere.
863 1400 947 1440 Eosdem
966 1404 1020 1441 tanto

247 1453 308 1505 cultu,
317 1457 372 1496 tanta
381 1457 509 1504 veneratione,
519 1458 539 1495 11
548 1455 698 1495 observantiam
707 1455 743 1496 hac
752 1469 815 1496 rerum
825 1455 901 1496 miserit
911 1455 983 1505 colunt,
998 1460 1021 1495 ut

247 1523 284 1549 nec
294 1515 349 1550 antea
357 1512 379 1551 in
388 1510 472 1560 ibernia,
482 1524 518 1550 nec
528 1509 573 1550 alibi
582 1510 670 1562 gentium
679 1515 723 1563 post
732 1510 833 1551 hominum
842 1511 952 1551 memoriam
961 1511 1021 1551 luisse

249 1567 314 1605 tantus
332 1565 482 1606 ecelesiasticisa
498 1564 551 1604 laicis
561 1565 629 1616 ¹honor
646 1564 742 1605 exhibitus
758 1565 852 1606 audiatur.
882 1565 920 1605 Seu
934 1566 1018 1618 praemia,

250 1620 374 1672 quantumuis
383 1633 458 1673 magna,
470 1622 489 1660 ct
503 1620 585 1672 pretiosa
600 1619 640 1659 illis
654 1633 749 1673 proponas
754 1637 760 1669 3
776 1634 809 1660 seu
823 1620 985 1673 exquisitissimos,
1000 1625 1020 1660 ct

249 1675 407 1715 horrendissimos
425 1676 519 1715 cruciatus
536 1674 643 1723 admoveam,
658 1687 757 1727 nunquam
773 1679 836 1715 tamen
851 1674 966 1715 sacerdotem
976 1689 1019 1729 pro-

250 1729 302 1769 dent.
330 1729 401 1783 Neque
411 1728 473 1769 officio
483 1741 520 1769 suo
530 1743 550 1768 se
560 1729 668 1769 satisfacere
677 1729 763 1778 credunt,
773 1729 811 1769 nisi
824 1729 900 1782 quando
910 1744 958 1783 opus
968 1730 1018 1770 vide-

248 1788 287 1833 tur,
297 1798 331 1837 pro
341 1784 444 1825 sacerdotis
453 1783 584 1823 incolumitate
588 1783 661 1823 faciant
668 1783 761 1824 bonorum
771 1785 869 1833 facturam,
877 1787 896 1824 et
905 1785 1018 1837 sanguinem
1039 1798 1042 1800 ·

248 1839 352 1888 effundant,
366 1843 386 1880 et
395 1839 478 1879 animam
493 1838 588 1878 amittant.
618 1837 663 1881 thro
674 1839 759 1887 efficitur,
773 1842 795 1878 ut
804 1840 902 1892 pauciores
912 1840 1018 1880 sacerdotes

247 1908 282 1948 pre
292 1895 329 1934 fide
338 1895 439 1935 intereant.
467 1892 519 1933 Nam
529 1907 573 1933 cum
582 1893 631 1946 regii
643 1894 725 1934 ministri
734 1893 834 1946 sacrilegas
843 1907 911 1934 manus
920 1895 942 1934 in
956 1909 1017 1935 sacer-

247 1949 312 1989 dotem
320 1949 417 2003 iujiciunt,
427 1948 482 1988 illum
496 1948 590 1989 Catholici
599 1949 657 1997 vana,
675 1955 693 1989 et
709 1948 811 2001 multiplici
827 1954 867 1990 arte
880 1949 901 1989 in
910 1949 1017 1989 libertatem

246 2008 340 2045 asserunt.
370 2003 400 2044 Ob
421 2017 467 2056 quas
487 2017 553 2043 causas
567 2004 697 2056 magistratus,
706 2004 799 2052 civitates,
818 2003 898 2053 nobiles,
916 2008 936 2044 11
954 2004 1017 2058 plebei

246 2059 381 2108 coertionibus,
392 2062 411 2099 et
420 2059 480 2112 paenis
489 2058 605 2111 gravissimis
612 2058 726 2108 afficiuntur,
734 2058 828 2112 multique
838 2073 912 2099 summo
922 2060 1015 2112 supplicio

245 2115 359 2168 puniuntur,
375 2114 461 2167 quamvis
478 2113 514 2153 alio
530 2113 608 2153 crimine
623 2113 764 2153 insimulantur.
802 2113 885 2154 Celebris
902 2118 931 2154 est
940 2114 1016 2155 Patritii

244 2170 328 2210 Pnrcelli
338 2169 407 2223 equitis
417 2169 469 2209 senio
479 2169 561 2222 conjecti
578 2167 660 2217 laniena,
672 2168 704 2221 qui
713 2169 851 2222 octogesimum
861 2170 934 2209 circiter
944 2183 1015 2210 annum

244 2239 303 2279 egens
312 2226 349 2265 hoc
359 2225 438 2265 crimine
447 2224 561 2276 postulatus,
572 2223 624 2276 quod
639 2222 755 2263 Elizabethae
770 2230 854 2277 tempore
865 2238 921 2277 eques
930 2223 1015 2265 Catholi-

244 2294 284 2329 cus,
295 2280 328 2333 qni
338 2295 348 2320 a
358 2279 500 2320 Catholiccrum
510 2282 563 2332 parte
578 2279 600 2318 in
615 2278 666 2318 bello
682 2277 750 2327 stabat,
760 2279 781 2319 in
790 2279 831 2332 ejus
841 2279 897 2319 domo
908 2280 1013 2328 caenaverit,

244 2335 396 2388 semisuspensus
405 2338 485 2382 secatur,
495 2334 574 2387 ejusque
584 2337 628 2373 exta
637 2332 776 2374 comburuntur
784 2333 858 2374 1111111
875 2348 925 2374 anuo
935 2334 1014 2374 Domini

245 2391 307 2430 1612.
338 2390 386 2429 Erat
410 2389 480 2442 quippe
502 2389 583 2441 insignis
600 2388 721 2429 sacerdotum
735 2393 833 2440 patronus,
848 2390 1014 2442 possessionesque

243 2444 322 2485 minime
333 2445 448 2498 spernendas
457 2442 546 2484 habebat.
574 2443 642 2484 iberni
651 2443 672 2483 in
681 2443 776 2495 aliquibus
784 2444 872 2493 ecclesiis,
883 2456 930 2497 quas
940 2444 970 2484 vel
977 2445 1013 2498 ipsi

243 2500 267 2540 ab
282 2499 392 2553 Anglorum
408 2499 481 2551 impetu
498 2498 630 2547 defenderunt,
646 2498 677 2538 vel
692 2497 776 2540 haeretici
790 2499 814 2539 ad
829 2513 873 2539 suas
892 2499 1013 2539 caeremonias

242 2555 364 2595 celebrandas
373 2554 486 2594 reaedificare
495 2553 586 2602 facerunt,
594 2553 702 2595 sacerdotes
711 2557 769 2606 atque
777 2554 876 2607 religiosos
886 2554 1012 2603 constituunt,

242 2610 279 2650 etsi
295 2610 317 2651 11
334 2610 370 2651 hac
386 2623 407 2649 re
423 2612 452 2648 est
468 2610 558 2649 acerrima
573 2608 678 2649 contentio.
706 2607 736 2648 Ob
748 2621 805 2661 quam
815 2609 957 2649 Catholicorum
970 2622 1011 2662 per-

175 2683 233 2726 [223]
241 2672 318 2719 petuam
335 2665 407 2705 luctam
423 2664 529 2704 innumera
546 2663 679 2704 controversia
689 2663 794 2716 1111111111
806 2664 849 2704 lites
858 2663 939 2703 infinitae
948 2663 1010 2704 inten-

241 2720 319 2770 duntur,
330 2719 478 2773 disceptationes
496 2720 518 2759 in
533 2719 632 2760 infinitum
649 2718 791 2771 protrahuntur.
814 2720 893 2759 Summa
902 2731 966 2757 rerum
975 2723 1011 2768 est,

240 2776 304 2816 omnia
313 2776 395 2816 maxima
404 2775 553 2828 perturbatione,
564 2777 583 2815 et
601 2774 680 2826 ingente
693 2774 804 2815 confusione
813 2772 887 2813 misceri
897 2773 1010 2814 conantibus

239 2830 309 2883 Anglis
319 2830 383 2871 111111
393 2835 413 2869 11
427 2830 511 2870 humana
524 2830 568 2883 jura
583 2828 660 2872 violare,
671 2827 745 2869 Ibernis
762 2843 807 2869 vero
816 2827 883 2868 Fidem
893 2827 1009 2870 Catholicam

239 2886 387 2940 religionemque
398 2900 513 2926 conservare.
