2237 3535
137 368 179 396 UAP.
195 357 244 412 viu]
401 373 491 401 IBERNIAE
507 374 545 402 SUB
560 372 695 401 emineamus.

467 526 526 567 GAP.
542 525 579 566 VI.

408 636 468 670 Oosbii
479 635 535 680 Angli
548 635 632 680 tyrannis.

134 724 222 766 Paeane
232 727 316 768 motibus
326 732 410 783 tyrannis
421 745 495 784 semper
505 729 609 771 crescebat.
633 729 748 770 Franciscus
758 728 840 769 Gosbius
849 728 907 770 Lisia

133 780 234 833 praefectus
254 786 273 822 et
292 783 332 837 ejus
348 785 398 827 filius
416 786 527 827 Alexander
549 799 605 826 omne
628 799 691 838 genus
707 784 850 825 Catholiooum
870 784 906 823 im-

134 834 190 875 mane
200 836 322 879 bacchantur.
351 840 372 881 Is
386 841 512 896 provinciales
525 842 610 882 bleisum
620 840 710 881 Castrum
727 838 823 891 (lllollach
832 838 905 890 Maius)

133 891 190 930 causta
200 897 329 935 conventuum
343 895 479 945 habendorum,
498 897 559 950 deque
574 910 638 937 rerum
655 893 820 937 administratione
837 894 906 947 agendi

132 951 232 987 convocat.
260 948 379 991 Oonvceatos
395 951 505 993 cohortibus
530 952 606 992 armatis
623 948 729 1005 improviso
746 949 872 990 circumvenit
886 953 906 989 et

132 1014 156 1040 ex
165 999 262 1044 O’Morrae
277 1004 348 1046 familia
363 1011 441 1047 centum
457 1007 556 1060 octoginta
569 1007 623 1047 uiros
638 1006 762 1059 inopinantes
779 1007 798 1044 et
815 1004 862 1044 nihil
872 1004 905 1044 ad-

131 1055 181 1095 versi
187 1056 275 1099 timentes
282 1074 321 1100 unc
326 1066 424 1102 momento
434 1061 657 1116 11111101101111111111.1
672 1059 786 1102 Stradbaliae
791 1059 905 1113 plerumque

131 1112 289 1155 commorabatur.
317 1114 359 1155 Ubi
370 1131 409 1169 prae
425 1116 499 1157 loribus
517 1117 585 1156 dormis
598 1116 644 1170 ejus,
655 1117 712 1157 arbor
721 1115 824 1157 altitudine
833 1116 904 1168 magna

131 1170 220 1217 creverat,
230 1169 300 1222 patulis
310 1171 367 1210 ramis
378 1171 452 1211 diffusa.
475 1171 588 1211 11101101
604 1171 661 1211 modo
671 1172 722 1211 viros
732 1170 766 1211 sed
776 1170 833 1210 etiam
843 1170 903 1210 110111-
956 1211 958 1213 ,

129 1235 163 1260 nas
181 1225 238 1275 atque
253 1238 322 1277 pueros
339 1225 407 1265 solitus
422 1229 462 1266 erat
478 1225 519 1265 ullet
536 1226 577 1265 sine
593 1226 649 1279 culpa
664 1226 786 1279 suspendere.
816 1224 865 1265 Cum
879 1239 903 1265 ex

129 1274 196 1316 arbore
209 1278 291 1319 faemina
300 1279 368 1331 laqueo
379 1279 503 1333 strangulatae
518 1279 671 1329 dimittebantur,
682 1285 701 1320 et
711 1279 768 1319 simul
785 1279 902 1320 1111111111-

128 1344 171 1370 rum
180 1330 240 1385 longo
250 1334 301 1374 crine
317 1333 401 1374 infantes
411 1334 466 1374 liberi
475 1334 592 1387 pendebant,
603 1335 667 1374 auimo
677 1334 764 1387 capiebat
772 1334 904 1374 incredibilem

128 1384 254 1439 voluptatem.
283 1387 379 1428 Arborem
394 1387 537 1429 Oatholicorum
554 1389 655 1429 hominurn
672 1388 768 1442 suspensis
781 1388 903 1429 cadaveribus

128 1454 207 1480 vacuam
224 1441 252 1481 ita
268 1442 336 1482 schius
352 1442 423 1496 alloqui
437 1444 498 1484 fertur
515 1444 610 1497 “Magnt
626 1444 674 1484 milri
692 1444 769 1492 videris,
786 1442 842 1483 arbor
855 1458 903 1492 mea,

128 1494 195 1535 affecta
207 1496 297 1537 tristitie:
312 1511 348 1537 nec
357 1497 441 1538 mirum:
457 1498 490 1538 diu
503 1499 544 1552 jam
557 1499 597 1552 agis
612 1498 665 1541 orba.
694 1499 738 1553 Ego
745 1503 765 1540 te
775 1498 814 1539 cito
824 1512 903 1539 maerore

127 1549 207 1590 levabo:
222 1554 266 1591 tuos
275 1565 338 1592 ramos
348 1551 402 1593 brevi
409 1553 521 1608 corporibus
531 1553 623 1595 ornabc.''

454 1835 511 1877 OAP.
528 1836 577 1878 VH.

146 1939 175 1973 De
184 1939 259 1976 (lethale
269 1943 393 1983 O'Gonchure,
401 1944 443 1978 Mae
451 1943 507 1978 Forte
516 1945 583 1990 Anglo,
592 1950 610 1979 et
617 1947 720 1991 Anglorum
728 1945 804 1994 quddam
812 1945 880 1978 froude.

127 2022 177 2063 Hac
207 2026 319 2067 crudelitate
339 2027 439 2068 lacessitus
463 2026 555 2067 Oathalus
590 2026 707 2067 O'Oonchur
730 2030 811 2068 renovat
828 2030 900 2076 motus,

126 2077 191 2118 damni
210 2081 293 2122 multum
311 2082 395 2122 inferens
411 2081 486 2135 englis,
505 2081 529 2121 ab
545 2081 620 2135 illisque
636 2082 709 2123 frustra
725 2081 775 2136 saepe
791 2081 898 2134 impetitus.

125 2132 175 2173 Oum
193 2135 227 2175 illo
245 2136 326 2190 denique
341 2137 387 2177 Mac
403 2136 473 2177 Fortes
487 2136 565 2189 Auglus
581 2137 621 2190 agit
637 2137 663 2177 de
680 2152 733 2190 pace.
762 2136 800 2176 Ille
809 2140 867 2189 negat
877 2151 898 2176 se

124 2188 185 2228 fidem
203 2189 315 2233 habiturum
333 2191 379 2233 Mac
397 2192 456 2233 Furto
474 2191 628 2233 incolumitatem
645 2191 752 2245 pollicenti,
766 2192 805 2231 nisi
823 2191 898 2245 reginae

124 2242 223 2285 decretum
232 2250 252 2286 et
264 2247 413 2301 chirographum
425 2246 519 2287 ostendat.
548 2246 595 2287 Dies
610 2247 660 2288 inter
677 2247 720 2287 illos
730 2246 860 2295 constituitur,
875 2251 898 2286 ut

108 2297 364 2351 ΙΜ101ὀ111ε(1101111111
382 2302 459 2343 indicet.
489 2301 539 2345 Quae
552 2302 592 2342 dies
609 2316 652 2342 cum
668 2303 752 2343 venisset
771 2302 818 2342 Mac
827 2301 898 2342 Fortus

124 2366 179 2405 equo,
190 2355 224 2409 sed
233 2356 314 2409 pedibus
320 2357 411 2398 Oathalus
421 2361 440 2397 et
446 2356 517 2397 Oculus
524 2356 569 2397 Mac
578 2357 707 2411 Gocheganus
717 2358 751 2416 (ita
757 2356 895 2409 convenerant)

123 2408 147 2448 ad
157 2408 273 2463 colloquium
283 2413 407 2462 conveniunt,
416 2412 530 2465 interposito
539 2412 593 2453 nullo
602 2413 741 2453 incolumitatis
754 2416 824 2465 pactc;
834 2426 897 2464 neque

123 2462 174 2503 enim
183 2464 221 2505 lico
230 2468 358 2508 necessarium
364 2467 468 2515 videbatur,
477 2481 521 2507 cum
529 2471 594 2520 posset
600 2480 659 2520 eques
664 2468 739 2522 pedites
745 2468 800 2509 tacile
806 2466 894 2519 effugere,

123 2521 142 2557 et
151 2531 203 2559 unus
220 2534 264 2570 cuin
279 2522 356 2563 duobus
373 2521 463 2577 congredi
478 2536 518 2562 101
534 2521 636 2563 videbatur
650 2537 743 2573 ausurns3
758 2521 894 2575 0111011101-

122 2572 188 2613 thalus
198 2578 255 2629 atque
265 2576 337 2618 Oonlus
348 2592 371 2618 en
381 2579 476 2619 eminente
486 2580 505 2618 et
519 2577 618 2630 praecipite
629 2592 698 2630 aggere
707 2576 843 2630 loquebantur,
857 2590 894 2617 nee

122 2626 190 2668 eodem
204 2630 250 2672 Mac
265 2632 336 2673 Portus
353 2647 471 2674 ascensurus.
499 2631 565 2685 igitur
581 2646 625 2672 cum
640 2633 686 2673 Mac
696 2632 766 2672 Fortus
783 2631 894 2672 schedulam

121 2695 246 2736 papyraceam
252 2686 302 2741 saepe
308 2687 346 2728 illis
354 2689 474 2738 ostendisset,
481 2701 516 2727 nee
525 2686 626 2739 legendam
634 2687 679 2727 dare
688 2687 786 2735 voluisset,
796 2686 894 2728 infectare

122 2735 210 2780 abiturus
250 2742 329 2784 Cathalo
366 2744 438 2798 cupido
474 2741 552 2784 incessit
589 2742 718 2795 cognoscendi
756 2741 803 2794 quid
834 2756 893 2796 papy-

120 2803 152 2831 rus
169 2792 203 2834 illa
219 2798 338 2839 continebat.
366 2799 437 2852 Itaque
452 2813 474 2838 en
484 2798 523 2838 alto
533 2810 602 2850 aggere
618 2798 638 2837 in
658 2811 730 2850 equum
749 2801 769 2836 et
779 2811 893 2838 assessorem

143 2928 151 2943 ι
162 2930 211 2964 A.D.
217 2935 266 2972 1577·
291 2938 328 2973 For
337 2939 373 2973 this
381 2951 468 2974 massueto
477 2944 495 2973 at
504 2938 584 2972 Mullach
592 2936 646 2980 Most,
655 2950 683 2972 see
693 2939 896 2974 O'Dononan's,“Four

122 2968 216 3015 irascerer
224 2990 241 3022 p¹
253 2983 302 3017 1694.
