2237 3535
113 427 158 454 car,
174 412 203 465 v.]
311 425 348 453 sua
362 426 461 463 unvurco,
476 426 572 455 nuvanuo
588 427 612 453 nr
627 425 701 453 naara:

449 587 508 628 ΟΑΡ.
523 586 549 627 V.

371 697 399 731 De
409 697 511 732 Geraidinis
531 694 626 729 Kildarioe.

112 808 228 849 Hmnuume
245 806 344 849 Geraldini
361 824 418 850 suum
433 824 494 863 genus
502 809 526 850 ad
536 807 652 856 Hetruscos,
662 805 708 846 iude
723 805 817 858 trojanos
826 819 889 859 usqne

108 864 202 905 referunt.
232 861 277 907 Qua
284 862 307 902 de
316 877 342 913 re,
353 865 397 918 quia
406 865 507 906 Ghronicis
515 863 616 904 Hiberniae
622 876 662 903 nou
672 865 797 909 memoratur,
807 875 842 901 nos
852 872 888 915 pro

108 924 161 959 certo
176 917 225 958 nibil
243 932 345 971 possumus
361 921 479 970 confirmare,
499 934 535 960 nec
552 918 577 959 ad
591 931 676 972 praesens
686 916 800 958 institutum
810 917 886 957 attinet.

52 981 54 984 ’
109 974 160 1015 Satis
170 976 200 1013 est
218 976 337 1026 compertum
344 975 458 1015 Mauritium
469 974 570 1016 Ginaidum
583 975 647 1014 virum
661 971 754 1021 nobilem,
765 975 823 1026 atque
832 985 887 1025 mag-

107 1029 209 1069 nanimum
227 1043 238 1069 a
255 1028 354 1082 Dermysio
362 1030 454 1083 Lageuiae
463 1030 549 1084 principe
564 1030 647 1070 accitum
661 1042 685 1068 ex
698 1027 805 1081 Angliaein
815 1025 887 1067 Hiber-

107 1085 160 1124 niam
169 1083 276 1136 trajecisse:
291 1091 348 1137 atque
360 1089 451 1139 posteros
466 1086 506 1139 ejus
520 1084 590 1133 vocari,
600 1089 643 1125 tum
653 1082 754 1132 Garaldos
765 1086 808 1123 tum
818 1081 886 1123 Garat-

109 1139 171 1188 dinos,
183 1142 202 1178 et
212 1139 333 1180 Giraldinos:
347 1140 371 1180 ab
380 1140 411 1180 his
421 1140 502 1180 familias
512 1140 560 1179 duas
574 1153 616 1179 esse
624 1139 646 1179 in
655 1138 752 1179 Hibernit
761 1142 884 1191 procreatas:

108 1208 173 1234 earum
193 1195 288 1247 principes
296 1195 397 1235 institutos
406 1194 430 1235 ab
447 1195 517 1248 Anglis
532 1193 610 1246 regibus
630 1194 678 1233 duos
698 1194 783 1242 comites,
803 1192 885 1233 alterum

108 1249 224 1298 Desmouiae,
234 1250 265 1289 vel
274 1249 364 1289 Desieein
375 1248 481 1289 Momouiis
489 1267 494 1298 ;
510 1249 591 1288 alterum
605 1248 698 1288 Kildariae
717 1248 738 1288 in
749 1247 848 1301 Lagnum,
864 1252 884 1288 et

107 1305 153 1345 inde
169 1304 212 1344 illos
231 1304 348 1353 Momonios,
367 1304 404 1343 hos
422 1303 519 1355 Lagenios
538 1302 649 1343 Gnaldinos
664 1303 778 1355 nuncupari.
802 1302 884 1357 Legitur

108 1360 193 1400 Thomas
212 1358 324 1399 Giraldinus
341 1357 435 1398 Kildariae
454 1371 523 1405 acmes,
534 1357 569 1410 qui
588 1371 622 1397 sex
634 1356 703 1397 habuit
712 1357 789 1405 liberos,
799 1358 884 1411 quinque

108 1429 173 1455 secum
188 1414 209 1453 iu
218 1413 321 1461 Hibernia,
336 1416 356 1452 et
369 1412 462 1452 nnumin
472 1411 550 1465 Angue,
559 1410 595 1451 sub
605 1411 626 1452 id
636 1415 719 1464 tempus,
730 1426 768 1464 quo
776 1412 818 1451 Rex
828 1412 883 1452 Hen-

106 1470 158 1509 ricus
164 1468 250 1508 Octavus
260 1482 271 1507 a
280 1466 317 1507 fide
325 1466 411 1516 descivit,
426 1466 515 1520 Proregis
524 1467 605 1520 imperio
616 1466 731 1507 Hiberniam
738 1466 884 1507 administravit.

106 1524 133 1565 In
142 1523 233 1576 Angliam
245 1537 256 1562 a
277 1536 323 1575 rege
339 1527 429 1562 evocatus
446 1521 484 1562 filio
494 1526 542 1562 natu
557 1522 640 1562 maximo
650 1521 728 1562 nomine
738 1521 796 1561 etiam
805 1521 885 1562 Thomae

107 1578 214 1626 Giraldino,
232 1582 360 1630 cognomento
371 1577 456 1617 Sericato
466 1580 581 1631 potestatem
588 1576 698 1630 reipublicae
708 1576 828 1630 capessendae
838 1577 885 1617 sub-

107 1633 189 1687 delegat.
217 1632 264 1685 Ipse
273 1632 294 1672 in
303 1632 380 1685 Angla,
390 1632 442 1672 laesae
450 1632 556 1686 majestatis
570 1633 649 1673 crimine
657 1631 767 1686 postulatus
784 1631 886 1685 conjicitur

106 1689 127 1729 in
137 1687 219 1737 vincula,
230 1688 251 1728 in
261 1686 331 1741 quibus
341 1691 408 1740 postea
417 1686 471 1728 brevi
480 1688 530 1728 diem
540 1687 607 1728 obivit.

136 1743 174 1784 Sed
185 1746 229 1783 ante
238 1742 314 1783 comitis
324 1741 399 1783 obitum
408 1742 479 1783 Aliuus
486 1742 562 1796 Anglus
580 1742 680 1783 Hiberniae
690 1742 838 1790 Cbancellarius,
850 1743 884 1795 qui

107 1798 199 1839 Dublinae
209 1797 284 1851 agebat,
298 1797 356 1838 bomo
365 1798 387 1838 in
397 1797 541 1852 Giraldinorum
551 1812 622 1838 nomeu
636 1797 685 1837 male
699 1798 795 1838 animatus
803 1797 883 1851 diligen-

107 1854 182 1894 tissimd
186 1853 310 1894 meditatione
319 1852 416 1893 studuisse
425 1852 492 1903 fertur,
500 1852 662 1907 quemadmodum
668 1852 749 1893 Comitis
758 1853 806 1893 filios
816 1853 883 1906 perde-

106 1913 142 1958 ret,
151 1909 216 1962 jussus
226 1923 271 1949 nea
281 1907 341 1961 Rege,
351 1923 375 1948 an
384 1907 476 1960 injussus,
486 1909 561 1962 ignoro.
581 1909 614 1948 Ad
619 1908 639 1948 id
650 1908 718 1949 callido
728 1912 883 1961 stratagemmate

106 1965 173 2004 utiiur.
203 1962 252 2003 Cum
260 1962 359 2015 aquodam
369 1963 449 2003 Sericati
463 1963 551 2004 familiari
561 1963 660 2013 viseretur,
667 1978 711 2003 eum
720 1964 742 2003 in
749 1962 839 2004 conclave
852 1964 882 2003 in-

106 2019 159 2068 tulit,
169 2018 234 2071 ibique
242 2018 300 2072 jussit
310 2024 401 2071 spectare,
412 2017 473 2059 donec
479 2019 520 2072 ipse
527 2022 662 2069 reverteretur,
674 2019 707 2071 qui
717 2033 751 2072 per
761 2018 839 2058 domum
849 2032 882 2058 ue-

108 2073 196 2128 gotiandi
203 2074 265 2123 causti,
282 2077 305 2112 ut
314 2072 432 2126 praeferebat,
443 2073 582 2126 egrediebatur,
595 2074 667 2114 relictis
677 2074 732 2126 quasi
741 2073 842 2123 oblivione,
852 2073 882 2113 vel

108 2144 154 2170 casu
173 2129 242 2169 litteris
256 2128 327 2182 apertis
344 2128 366 2168 in
384 2127 444 2168 abaco
463 2128 539 2182 scripits
548 2128 599 2181 regis
608 2129 687 2169 nomine
696 2129 745 2169 falsb
763 2129 793 2181 (ut
808 2128 879 2181 accepi)

108 2184 186 2229 Quibus
202 2183 256 2224 lectis
275 2183 344 2235 hospes
363 2182 465 2231 intellexit,
485 2183 576 2224 comitem
592 2184 652 2224 luisse
666 2184 707 2236 jam
726 2188 787 2223 morte
801 2183 880 2235 plexum

108 2239 168 2292 (quod
176 2243 242 2279 tamen
249 2252 289 2278 non
298 2239 345 2291 erat)
357 2241 376 2279 et
386 2237 515 2278 Chaucellaric
523 2252 534 2277 a
548 2252 593 2291 rege
601 2239 723 2293 imperatum,
734 2242 757 2278 ut
766 2238 880 2287 Sericatum,

105 2295 186 2348 ejusque
195 2293 284 2334 factionis
290 2307 377 2347 proceres
393 2293 547 2346 deprehenderet,
557 2294 671 2347 vinctosque
678 2293 702 2334 ad
711 2295 774 2347 ipsum
781 2292 838 2345 quam
849 2308 879 2334 ce·

106 2348 183 2390 letrime
199 2349 290 2389 mitteret.
320 2347 365 2389 Hoc
374 2347 419 2389 cum
429 2348 500 2389 amicus
509 2348 542 2388 ille
556 2348 640 2389 Sericato
647 2348 761 2400 retvdissetss
777 2348 794 2387 is
803 2348 879 2401 pericu·
886 2353 933 2400 [77.]

107 2405 148 2444 lum
156 2404 262 2444 evitaturus
270 2403 371 2443 confestim
376 2402 473 2456 egreditur
483 2403 554 2457 oppido
557 2420 564 2453 3
574 2403 645 2444 initum
654 2418 699 2444 cum
708 2404 748 2444 suis
758 2402 822 2443 amicis
833 2418 879 2444 con-

107 2460 184 2500 silium:
200 2458 252 2511 quod
266 2458 316 2498 nihil
329 2459 414 2511 prudens
433 2459 503 2512 caepit:
527 2472 573 2498 uam
592 2473 637 2499 cum
654 2458 710 2512 regni
728 2457 881 2511 gubernaculum

107 2528 176 2568 gerens
187 2513 242 2553 facile
251 2513 348 2567 potuisset
357 2528 409 2554 arces
417 2516 436 2553 et
443 2513 519 2554 castella
528 2517 600 2563 tenere,
610 2515 631 2554 in
641 2514 674 2562 eis,
685 2526 734 2566 quos
741 2512 804 2561 vellet,
815 2514 881 2566 praesi-

108 2570 140 2610 dio
148 2568 247 2618 collocare,
257 2583 269 2609 a
278 2568 328 2622 regis
339 2569 422 2609 amicitit
431 2569 501 2610 multos
511 2567 623 2618 subducere,
633 2568 720 2617 aunam,
731 2571 750 2607 et
759 2567 806 2607 alios
815 2568 881 2609 inimi-

107 2639 140 2665 eos
145 2624 246 2678 jugulare:
260 2627 332 2672 tamen,
342 2628 365 2664 ut
380 2623 465 2678 perfidiae
478 2626 543 2664 notam
557 2623 652 2677 effugerit,
662 2637 702 2662 sese
712 2636 775 2662 rerum
790 2622 882 2664 adminis-

106 2681 190 2720 tratione
199 2678 276 2733 publioe
293 2678 403 2720 abdicavit:
419 2693 481 2720 arcem
499 2678 539 2731 regi
551 2679 651 2719 restituit:
666 2678 687 2717 in
696 2677 826 2730 possessiones
836 2694 882 2720 suas

107 2749 147 2775 sese
153 2734 231 2787 recepit.
260 2733 319 2774 Unde
339 2734 362 2775 de
371 2734 447 2788 injuriis
460 2741 479 2774 et
492 2747 537 2774 nece
547 2733 613 2786 patris,
629 2747 685 2786 quem
699 2732 795 2787 supplicio
805 2748 881 2775 summo

106 2790 166 2829 fuisse
176 2790 265 2831 affectum
275 2789 402 2840 existimabat,
413 2789 504 2842 queritur.

136 2844 190 2885 Hine
200 2845 272 2886 bellum
282 2844 349 2893 oritur,
360 2858 399 2899 quo
410 2845 458 2885 duos
468 2858 533 2892 annos,
541 2842 592 2896 plus,
602 2842 667 2882 miuus
677 2843 761 2895 segniter
771 2849 882 2898 pugnatur:

106 2900 172 2938 tamen
182 2900 269 2949 efficitur,
276 2903 298 2939 ut
307 2901 368 2953 magis
377 2901 435 2949 ferro,
442 2903 462 2939 et
470 2898 557 2940 incendio
567 2897 675 2950 respublica
684 2897 817 2950 labefactetur,
824 2901 883 2954 quam

107 2953 214 2994 sacerdotes
223 2959 302 3008 propter
311 2954 431 2995 Catholicam
446 2955 503 2995 tidem
517 2952 579 3006 capite
588 2951 704 3006 plectantur.
733 2954 885 2997 Memoraturin
930 2975 932 2978 v

106 3004 143 3045 hcc
153 3006 203 3047 bello
213 3010 285 3062 duplex
294 3009 376 3063 insignis
393 3009 485 3063 perfidia:
500 3009 559 3050 altera
577 3006 683 3063 cujusdam
693 3008 779 3051 Hiberni
788 3011 826 3052 arci
837 3025 886 3065 prae-
