<?xml version="1.0" encoding="UTF-8"?>
<!DOCTYPE html PUBLIC "-//W3C//DTD XHTML 1.0 Transitional//EN"
    "http://www.w3.org/TR/xhtml1/DTD/xhtml1-transitional.dtd">
<html xmlns="http://www.w3.org/1999/xhtml" xml:lang="en" lang="en">
 <head>
  <title>
</title>
<meta http-equiv="Content-Type" content="text/html;charset=utf-8" />
  <meta name='ocr-system' content='tesseract 3.04.00' />
  <meta name='ocr-capabilities' content='ocr_page ocr_carea ocr_par ocr_line ocrx_word'/>
</head>
<body>
  <div class='ocr_page' id='page_1' title='image "MN42000ucmf_1_0119.png"; bbox 0 0 2237 3535; ppageno 0'>
   <div class='ocr_carea' id='block_1_1' title="bbox 133 409 901 461">
    <p class='ocr_par' dir='ltr' id='par_1_1' title="bbox 133 409 901 461">
     <span class='ocr_line' id='line_1_1' title="bbox 133 409 901 461; baseline 0.005 -13"><span class='ocrx_word' id='word_1_1' title='bbox 133 421 177 449; x_wconf 81' lang='lat' dir='ltr'>cnr.</span> <span class='ocrx_word' id='word_1_2' title='bbox 188 409 220 461; x_wconf 70' lang='lat' dir='ltr'>m]</span> <span class='ocrx_word' id='word_1_3' title='bbox 294 421 378 449; x_wconf 75' lang='lat' dir='ltr'>mamus</span> <span class='ocrx_word' id='word_1_4' title='bbox 395 423 491 453; x_wconf 75' lang='lat' dir='ltr'>cuonone</span> <span class='ocrx_word' id='word_1_5' title='bbox 506 425 532 452; x_wconf 76' lang='lat' dir='ltr'>aa</span> <span class='ocrx_word' id='word_1_6' title='bbox 547 425 622 453; x_wconf 75' lang='lat' dir='ltr'>anetus</span> <span class='ocrx_word' id='word_1_7' title='bbox 637 425 735 453; x_wconf 81' lang='lat' dir='ltr'>oaranrn.</span> <span class='ocrx_word' id='word_1_8' title='bbox 879 415 901 454; x_wconf 81' lang='lat'>71</span> 
     </span>
    </p>
   </div>
   <div class='ocr_carea' id='block_1_2' title="bbox 465 566 565 608">
    <p class='ocr_par' dir='ltr' id='par_1_2' title="bbox 465 566 565 608">
     <span class='ocr_line' id='line_1_2' title="bbox 465 566 565 608; baseline -0.03 0"><span class='ocrx_word' id='word_1_9' title='bbox 465 567 523 608; x_wconf 82' lang='lat' dir='ltr'>CAP.</span> <span class='ocrx_word' id='word_1_10' title='bbox 539 566 565 606; x_wconf 92' lang='lat' dir='ltr'>X.</span> 
     </span>
    </p>
   </div>
   <div class='ocr_carea' id='block_1_3' title="bbox 257 675 779 720">
    <p class='ocr_par' dir='ltr' id='par_1_3' title="bbox 257 675 779 720">
     <span class='ocr_line' id='line_1_3' title="bbox 257 675 779 720; baseline 0.004 -12"><span class='ocrx_word' id='word_1_11' title='bbox 257 675 322 719; x_wconf 78' lang='lat' dir='ltr'><strong>Iniqua</strong></span> <span class='ocrx_word' id='word_1_12' title='bbox 329 676 429 720; x_wconf 84' lang='lat' dir='ltr'>Anglorum</span> <span class='ocrx_word' id='word_1_13' title='bbox 437 676 567 711; x_wconf 75' lang='lat' dir='ltr'>administratio</span> <span class='ocrx_word' id='word_1_14' title='bbox 575 680 593 710; x_wconf 88' lang='lat' dir='ltr'>et</span> <span class='ocrx_word' id='word_1_15' title='bbox 602 686 642 709; x_wconf 87' lang='lat' dir='ltr'>cum</span> <span class='ocrx_word' id='word_1_16' title='bbox 650 676 720 711; x_wconf 81' lang='lat' dir='ltr'>lber-nis</span> <span class='ocrx_word' id='word_1_17' title='bbox 728 677 779 711; x_wconf 76' lang='lat' dir='ltr'>bella.</span> 
     </span>
    </p>
   </div>
   <div class='ocr_carea' id='block_1_4' title="bbox 124 768 953 1925">
    <p class='ocr_par' dir='ltr' id='par_1_4' title="bbox 124 768 953 1925">
     <span class='ocr_line' id='line_1_4' title="bbox 131 768 902 824; baseline -0.001 -13"><span class='ocrx_word' id='word_1_18' title='bbox 131 771 229 815; x_wconf 71' lang='lat' dir='ltr'>Qunnvrs</span> <span class='ocrx_word' id='word_1_19' title='bbox 239 769 270 810; x_wconf 89' lang='lat' dir='ltr'>his</span> <span class='ocrx_word' id='word_1_20' title='bbox 279 769 347 810; x_wconf 87' lang='lat' dir='ltr'>litteris</span> <span class='ocrx_word' id='word_1_21' title='bbox 356 770 417 824; x_wconf 83' lang='lat' dir='ltr'>Angli</span> <span class='ocrx_word' id='word_1_22' title='bbox 426 769 501 823; x_wconf 83' lang='lat' dir='ltr'>injmn&#39;is</span> <span class='ocrx_word' id='word_1_23' title='bbox 517 768 574 809; x_wconf 80' lang='lat' dir='ltr'>breve</span> <span class='ocrx_word' id='word_1_24' title='bbox 584 772 661 822; x_wconf 88' lang='lat' dir='ltr'>tempus</span> <span class='ocrx_word' id='word_1_25' title='bbox 670 769 756 810; x_wconf 72' lang='lat' dir='ltr'>fortassis</span> <span class='ocrx_word' id='word_1_26' title='bbox 767 769 902 819; x_wconf 72' lang='lat' dir='ltr'>abstinuerint,</span> 
     </span>
     <span class='ocr_line' id='line_1_5' title="bbox 130 823 903 879; baseline -0.001 -13"><span class='ocrx_word' id='word_1_27' title='bbox 130 830 196 866; x_wconf 87' lang='lat' dir='ltr'>tamen</span> <span class='ocrx_word' id='word_1_28' title='bbox 203 826 235 866; x_wconf 75' lang='lat' dir='ltr'>vix</span> <span class='ocrx_word' id='word_1_29' title='bbox 244 838 330 878; x_wconf 88' lang='lat' dir='ltr'>unquam</span> <span class='ocrx_word' id='word_1_30' title='bbox 343 839 397 879; x_wconf 81' lang='lat' dir='ltr'>reges</span> <span class='ocrx_word' id='word_1_31' title='bbox 414 824 490 878; x_wconf 81' lang='lat' dir='ltr'>Angliae</span> <span class='ocrx_word' id='word_1_32' title='bbox 500 823 530 864; x_wconf 82' lang='lat' dir='ltr'>vel</span> <span class='ocrx_word' id='word_1_33' title='bbox 540 838 606 864; x_wconf 87' lang='lat' dir='ltr'>eorum</span> <span class='ocrx_word' id='word_1_34' title='bbox 615 823 703 877; x_wconf 84' lang='lat' dir='ltr'>praefecti</span> <span class='ocrx_word' id='word_1_35' title='bbox 712 823 799 874; x_wconf 85' lang='lat' dir='ltr'>Ibernos,</span> <span class='ocrx_word' id='word_1_36' title='bbox 810 824 903 865; x_wconf 86' lang='lat' dir='ltr'>molestiis</span> 
     </span>
     <span class='ocr_line' id='line_1_6' title="bbox 129 878 903 933; baseline -0.001 -12"><span class='ocrx_word' id='word_1_37' title='bbox 129 881 204 921; x_wconf 81' lang='lat' dir='ltr'>afficere</span> <span class='ocrx_word' id='word_1_38' title='bbox 214 883 233 920; x_wconf 88' lang='lat' dir='ltr'>et</span> <span class='ocrx_word' id='word_1_39' title='bbox 248 894 316 920; x_wconf 83' lang='lat' dir='ltr'>vexare</span> <span class='ocrx_word' id='word_1_40' title='bbox 333 879 452 921; x_wconf 88' lang='lat' dir='ltr'>omittebant.</span> <span class='ocrx_word' id='word_1_41' title='bbox 480 880 511 920; x_wconf 88' lang='lat' dir='ltr'>Ac</span> <span class='ocrx_word' id='word_1_42' title='bbox 525 893 571 919; x_wconf 88' lang='lat' dir='ltr'>eum</span> <span class='ocrx_word' id='word_1_43' title='bbox 585 878 665 920; x_wconf 86' lang='lat' dir='ltr'>Ibernia</span> <span class='ocrx_word' id='word_1_44' title='bbox 678 878 762 933; x_wconf 85' lang='lat' dir='ltr'>primum</span> <span class='ocrx_word' id='word_1_45' title='bbox 776 884 822 921; x_wconf 92' lang='lat' dir='ltr'>sunt</span> <span class='ocrx_word' id='word_1_46' title='bbox 836 880 903 933; x_wconf 86' lang='lat' dir='ltr'>potiti-</span> 
     </span>
     <span class='ocr_line' id='line_1_7' title="bbox 130 934 902 989; baseline -0.001 -13"><span class='ocrx_word' id='word_1_47' title='bbox 130 950 189 989; x_wconf 88' lang='lat' dir='ltr'>quam</span> <span class='ocrx_word' id='word_1_48' title='bbox 198 934 279 989; x_wconf 70' lang='lat' dir='ltr'>superbla</span> <span class='ocrx_word' id='word_1_49' title='bbox 289 939 308 975; x_wconf 94' lang='lat' dir='ltr'>et</span> <span class='ocrx_word' id='word_1_50' title='bbox 324 934 378 975; x_wconf 75' lang='lat' dir='ltr'>avare</span> <span class='ocrx_word' id='word_1_51' title='bbox 395 934 485 988; x_wconf 83' lang='lat' dir='ltr'>caeperint</span> <span class='ocrx_word' id='word_1_52' title='bbox 500 934 599 987; x_wconf 85' lang='lat' dir='ltr'>imperare,</span> <span class='ocrx_word' id='word_1_53' title='bbox 609 934 681 988; x_wconf 87' lang='lat' dir='ltr'>partim</span> <span class='ocrx_word' id='word_1_54' title='bbox 695 948 719 975; x_wconf 81' lang='lat' dir='ltr'>ex</span> <span class='ocrx_word' id='word_1_55' title='bbox 730 934 754 975; x_wconf 88' lang='lat' dir='ltr'>iis</span> <span class='ocrx_word' id='word_1_56' title='bbox 766 948 808 988; x_wconf 85' lang='lat' dir='ltr'>quae</span> <span class='ocrx_word' id='word_1_57' title='bbox 818 934 902 975; x_wconf 78' lang='lat' dir='ltr'>diximus</span> 
     </span>
     <span class='ocr_line' id='line_1_8' title="bbox 129 988 901 1045; baseline -0.001 -14"><span class='ocrx_word' id='word_1_58' title='bbox 129 991 200 1044; x_wconf 82' lang='lat' dir='ltr'>colligi,</span> <span class='ocrx_word' id='word_1_59' title='bbox 210 990 280 1045; x_wconf 86' lang='lat' dir='ltr'>partim</span> <span class='ocrx_word' id='word_1_60' title='bbox 289 991 321 1031; x_wconf 81' lang='lat' dir='ltr'>vix</span> <span class='ocrx_word' id='word_1_61' title='bbox 330 990 459 1044; x_wconf 85' lang='lat' dir='ltr'>credipotest.</span> <span class='ocrx_word' id='word_1_62' title='bbox 479 988 510 1030; x_wconf 89' lang='lat' dir='ltr'>Ob</span> <span class='ocrx_word' id='word_1_63' title='bbox 521 989 573 1043; x_wconf 90' lang='lat' dir='ltr'>quod</span> <span class='ocrx_word' id='word_1_64' title='bbox 582 990 641 1030; x_wconf 81' lang='lat' dir='ltr'>variae</span> <span class='ocrx_word' id='word_1_65' title='bbox 651 993 698 1030; x_wconf 88' lang='lat' dir='ltr'>sunt</span> <span class='ocrx_word' id='word_1_66' title='bbox 707 993 756 1031; x_wconf 81' lang='lat' dir='ltr'>ortae</span> <span class='ocrx_word' id='word_1_67' title='bbox 767 989 901 1039; x_wconf 87' lang='lat' dir='ltr'>dissensiones,</span> 
     </span>
     <span class='ocr_line' id='line_1_9' title="bbox 129 1044 901 1100; baseline -0.001 -14"><span class='ocrx_word' id='word_1_68' title='bbox 129 1050 187 1099; x_wconf 86' lang='lat' dir='ltr'>atque</span> <span class='ocrx_word' id='word_1_69' title='bbox 196 1045 255 1100; x_wconf 85' lang='lat' dir='ltr'>longo</span> <span class='ocrx_word' id='word_1_70' title='bbox 264 1050 348 1099; x_wconf 85' lang='lat' dir='ltr'>tempore</span> <span class='ocrx_word' id='word_1_71' title='bbox 357 1049 453 1086; x_wconf 85' lang='lat' dir='ltr'>transacto</span> <span class='ocrx_word' id='word_1_72' title='bbox 462 1045 530 1098; x_wconf 86' lang='lat' dir='ltr'>ingens</span> <span class='ocrx_word' id='word_1_73' title='bbox 544 1044 616 1085; x_wconf 88' lang='lat' dir='ltr'>bellum</span> <span class='ocrx_word' id='word_1_74' title='bbox 625 1045 664 1085; x_wconf 82' lang='lat' dir='ltr'>fuit</span> <span class='ocrx_word' id='word_1_75' title='bbox 674 1048 768 1095; x_wconf 84' lang='lat' dir='ltr'>secutum,</span> <span class='ocrx_word' id='word_1_76' title='bbox 779 1059 818 1099; x_wconf 90' lang='lat' dir='ltr'>quo</span> <span class='ocrx_word' id='word_1_77' title='bbox 828 1048 901 1086; x_wconf 86' lang='lat' dir='ltr'>veteres</span> 
     </span>
     <span class='ocr_line' id='line_1_10' title="bbox 128 1099 901 1155; baseline -0.001 -14"><span class='ocrx_word' id='word_1_78' title='bbox 128 1100 196 1142; x_wconf 88' lang='lat' dir='ltr'>Iherni</span> <span class='ocrx_word' id='word_1_79' title='bbox 204 1101 225 1141; x_wconf 82' lang='lat' dir='ltr'>in</span> <span class='ocrx_word' id='word_1_80' title='bbox 235 1104 317 1155; x_wconf 88' lang='lat' dir='ltr'>quatuor</span> <span class='ocrx_word' id='word_1_81' title='bbox 326 1100 446 1141; x_wconf 86' lang='lat' dir='ltr'>densissimas</span> <span class='ocrx_word' id='word_1_82' title='bbox 456 1099 531 1153; x_wconf 59' lang='lat' dir='ltr'>sylvest</span> <span class='ocrx_word' id='word_1_83' title='bbox 541 1099 601 1140; x_wconf 90' lang='lat' dir='ltr'>abditi</span> <span class='ocrx_word' id='word_1_84' title='bbox 610 1113 652 1141; x_wconf 88' lang='lat' dir='ltr'>sese</span> <span class='ocrx_word' id='word_1_85' title='bbox 662 1099 696 1141; x_wconf 91' lang='lat' dir='ltr'>diu</span> <span class='ocrx_word' id='word_1_86' title='bbox 705 1100 764 1140; x_wconf 86' lang='lat' dir='ltr'>tutati</span> <span class='ocrx_word' id='word_1_87' title='bbox 773 1104 827 1141; x_wconf 91' lang='lat' dir='ltr'>sunt.</span> <span class='ocrx_word' id='word_1_88' title='bbox 842 1099 901 1141; x_wconf 86' lang='lat' dir='ltr'>Unde</span> 
     </span>
     <span class='ocr_line' id='line_1_11' title="bbox 127 1154 899 1209; baseline 0 -13"><span class='ocrx_word' id='word_1_89' title='bbox 127 1170 194 1197; x_wconf 85' lang='lat' dir='ltr'>rursus</span> <span class='ocrx_word' id='word_1_90' title='bbox 204 1159 324 1209; x_wconf 77' lang='lat' dir='ltr'>erumpentes</span> <span class='ocrx_word' id='word_1_91' title='bbox 338 1170 428 1209; x_wconf 85' lang='lat' dir='ltr'>magnam</span> <span class='ocrx_word' id='word_1_92' title='bbox 439 1159 522 1207; x_wconf 81' lang='lat' dir='ltr'>stragem</span> <span class='ocrx_word' id='word_1_93' title='bbox 531 1154 645 1195; x_wconf 84' lang='lat' dir='ltr'>edidenmt:</span> <span class='ocrx_word' id='word_1_94' title='bbox 660 1155 735 1207; x_wconf 79' lang='lat' dir='ltr'>Anglos</span> <span class='ocrx_word' id='word_1_95' title='bbox 745 1154 804 1208; x_wconf 77' lang='lat' dir='ltr'>longe</span> <span class='ocrx_word' id='word_1_96' title='bbox 813 1169 899 1196; x_wconf 83' lang='lat' dir='ltr'>remove-</span> 
     </span>
     <span class='ocr_line' id='line_1_12' title="bbox 127 1210 899 1264; baseline -0.001 -12"><span class='ocrx_word' id='word_1_97' title='bbox 127 1216 174 1252; x_wconf 86' lang='lat' dir='ltr'>runt</span> <span class='ocrx_word' id='word_1_98' title='bbox 179 1229 186 1262; x_wconf 81' lang='lat'><em>3</em></span> <span class='ocrx_word' id='word_1_99' title='bbox 207 1212 285 1252; x_wconf 86' lang='lat' dir='ltr'>amissas</span> <span class='ocrx_word' id='word_1_100' title='bbox 301 1210 354 1252; x_wconf 86' lang='lat' dir='ltr'>sedes</span> <span class='ocrx_word' id='word_1_101' title='bbox 370 1211 470 1264; x_wconf 88' lang='lat' dir='ltr'>plerasque</span> <span class='ocrx_word' id='word_1_102' title='bbox 484 1213 622 1261; x_wconf 86' lang='lat' dir='ltr'>recuperarunt</span> <span class='ocrx_word' id='word_1_103' title='bbox 640 1213 710 1262; x_wconf 73' lang='lat' dir='ltr'>prater</span> <span class='ocrx_word' id='word_1_104' title='bbox 727 1211 798 1264; x_wconf 88' lang='lat' dir='ltr'>oppida</span> <span class='ocrx_word' id='word_1_105' title='bbox 816 1210 899 1260; x_wconf 85' lang='lat' dir='ltr'>munita,</span> 
     </span>
     <span class='ocr_line' id='line_1_13' title="bbox 126 1263 899 1320; baseline -0.001 -13"><span class='ocrx_word' id='word_1_106' title='bbox 126 1267 294 1320; x_wconf 83' lang='lat' dir='ltr'>possessionesque</span> <span class='ocrx_word' id='word_1_107' title='bbox 310 1279 356 1318; x_wconf 83' lang='lat' dir='ltr'>quas</span> <span class='ocrx_word' id='word_1_108' title='bbox 372 1268 441 1318; x_wconf 91' lang='lat' dir='ltr'>sponte</span> <span class='ocrx_word' id='word_1_109' title='bbox 454 1263 573 1316; x_wconf 81' lang='lat' dir='ltr'>reliquerunt</span> <span class='ocrx_word' id='word_1_110' title='bbox 589 1263 645 1303; x_wconf 83' lang='lat' dir='ltr'>novis</span> <span class='ocrx_word' id='word_1_111' title='bbox 662 1263 737 1304; x_wconf 83' lang='lat' dir='ltr'>Ibernis</span> <span class='ocrx_word' id='word_1_112' title='bbox 754 1279 802 1317; x_wconf 85' lang='lat' dir='ltr'>qnos</span> <span class='ocrx_word' id='word_1_113' title='bbox 819 1280 899 1306; x_wconf 86' lang='lat' dir='ltr'>consan-</span> 
     </span>
     <span class='ocr_line' id='line_1_14' title="bbox 126 1317 899 1374; baseline -0.001 -12"><span class='ocrx_word' id='word_1_114' title='bbox 126 1322 221 1374; x_wconf 81' lang='lat' dir='ltr'>guinitate</span> <span class='ocrx_word' id='word_1_115' title='bbox 238 1319 382 1373; x_wconf 83' lang='lat' dir='ltr'>contingebant,</span> <span class='ocrx_word' id='word_1_116' title='bbox 399 1318 431 1359; x_wconf 88' lang='lat' dir='ltr'>vel</span> <span class='ocrx_word' id='word_1_117' title='bbox 447 1317 488 1358; x_wconf 80' lang='lat' dir='ltr'>aliis</span> <span class='ocrx_word' id='word_1_118' title='bbox 507 1317 531 1357; x_wconf 90' lang='lat' dir='ltr'>de</span> <span class='ocrx_word' id='word_1_119' title='bbox 548 1318 609 1357; x_wconf 82' lang='lat' dir='ltr'>causis</span> <span class='ocrx_word' id='word_1_120' title='bbox 626 1331 701 1358; x_wconf 82' lang='lat' dir='ltr'>servare</span> <span class='ocrx_word' id='word_1_121' title='bbox 716 1318 825 1359; x_wconf 87' lang='lat' dir='ltr'>noluerunt.</span> <span class='ocrx_word' id='word_1_122' title='bbox 854 1320 899 1364; x_wconf 73' lang='lat' dir='ltr'>Quo</span> 
     </span>
     <span class='ocr_line' id='line_1_15' title="bbox 125 1371 953 1433; baseline -0.002 -16"><span class='ocrx_word' id='word_1_123' title='bbox 125 1377 223 1430; x_wconf 70' lang='lat' dir='ltr'>temperet!</span> <span class='ocrx_word' id='word_1_124' title='bbox 236 1376 253 1416; x_wconf 86' lang='lat' dir='ltr'>si</span> <span class='ocrx_word' id='word_1_125' title='bbox 262 1375 319 1428; x_wconf 91' lang='lat' dir='ltr'>paulo</span> <span class='ocrx_word' id='word_1_126' title='bbox 329 1374 390 1426; x_wconf 85' lang='lat' dir='ltr'>magis</span> <span class='ocrx_word' id='word_1_127' title='bbox 406 1386 474 1426; x_wconf 83' lang='lat' dir='ltr'>urgere</span> <span class='ocrx_word' id='word_1_128' title='bbox 491 1376 511 1412; x_wconf 88' lang='lat' dir='ltr'>et</span> <span class='ocrx_word' id='word_1_129' title='bbox 526 1373 581 1413; x_wconf 85' lang='lat' dir='ltr'>novis</span> <span class='ocrx_word' id='word_1_130' title='bbox 591 1371 668 1413; x_wconf 83' lang='lat' dir='ltr'>Ibernis</span> <span class='ocrx_word' id='word_1_131' title='bbox 677 1373 718 1414; x_wconf 89' lang='lat' dir='ltr'>suis</span> <span class='ocrx_word' id='word_1_132' title='bbox 726 1388 766 1414; x_wconf 90' lang='lat' dir='ltr'>non</span> <span class='ocrx_word' id='word_1_133' title='bbox 775 1387 853 1428; x_wconf 83' lang='lat' dir='ltr'>parcere</span> <span class='ocrx_word' id='word_1_134' title='bbox 866 1389 899 1415; x_wconf 91' lang='lat' dir='ltr'>vo·</span> <span class='ocrx_word' id='word_1_135' title='bbox 907 1389 953 1433; x_wconf 52' lang='lat'>[653</span> 
     </span>
     <span class='ocr_line' id='line_1_16' title="bbox 125 1427 900 1482; baseline -0.001 -11"><span class='ocrx_word' id='word_1_136' title='bbox 125 1431 213 1480; x_wconf 86' lang='lat' dir='ltr'>luissent,</span> <span class='ocrx_word' id='word_1_137' title='bbox 223 1430 329 1482; x_wconf 79' lang='lat' dir='ltr'>Anglicum</span> <span class='ocrx_word' id='word_1_138' title='bbox 340 1429 412 1482; x_wconf 73' lang='lat' dir='ltr'>jugum</span> <span class='ocrx_word' id='word_1_139' title='bbox 428 1427 532 1468; x_wconf 82' lang='lat' dir='ltr'>cervicibus</span> <span class='ocrx_word' id='word_1_140' title='bbox 544 1428 624 1468; x_wconf 75' lang='lat' dir='ltr'>forsitan</span> <span class='ocrx_word' id='word_1_141' title='bbox 635 1427 774 1469; x_wconf 86' lang='lat' dir='ltr'>discussissent.</span> <span class='ocrx_word' id='word_1_142' title='bbox 805 1429 854 1474; x_wconf 77' lang='lat' dir='ltr'>(luae</span> <span class='ocrx_word' id='word_1_143' title='bbox 869 1444 900 1471; x_wconf 93' lang='lat' dir='ltr'>oc-</span> 
     </span>
     <span class='ocr_line' id='line_1_17' title="bbox 126 1482 901 1539; baseline -0.001 -13"><span class='ocrx_word' id='word_1_144' title='bbox 126 1485 177 1526; x_wconf 86' lang='lat' dir='ltr'>casio</span> <span class='ocrx_word' id='word_1_145' title='bbox 194 1484 322 1539; x_wconf 86' lang='lat' dir='ltr'>praetermissa</span> <span class='ocrx_word' id='word_1_146' title='bbox 337 1487 405 1537; x_wconf 87' lang='lat' dir='ltr'>postea</span> <span class='ocrx_word' id='word_1_147' title='bbox 422 1497 471 1537; x_wconf 85' lang='lat' dir='ltr'>saepe</span> <span class='ocrx_word' id='word_1_148' title='bbox 486 1483 561 1536; x_wconf 85' lang='lat' dir='ltr'>peperit</span> <span class='ocrx_word' id='word_1_149' title='bbox 577 1482 673 1523; x_wconf 87' lang='lat' dir='ltr'>tumultus</span> <span class='ocrx_word' id='word_1_150' title='bbox 689 1487 709 1524; x_wconf 88' lang='lat' dir='ltr'>et</span> <span class='ocrx_word' id='word_1_151' title='bbox 727 1483 832 1525; x_wconf 84' lang='lat' dir='ltr'>discordias</span> <span class='ocrx_word' id='word_1_152' title='bbox 850 1485 901 1525; x_wconf 89' lang='lat' dir='ltr'>inter</span> 
     </span>
     <span class='ocr_line' id='line_1_18' title="bbox 125 1537 900 1593; baseline 0 -13"><span class='ocrx_word' id='word_1_153' title='bbox 125 1540 226 1581; x_wconf 88' lang='lat' dir='ltr'>Ibernicos</span> <span class='ocrx_word' id='word_1_154' title='bbox 242 1543 262 1580; x_wconf 88' lang='lat' dir='ltr'>et</span> <span class='ocrx_word' id='word_1_155' title='bbox 276 1553 330 1593; x_wconf 80' lang='lat' dir='ltr'>reges</span> <span class='ocrx_word' id='word_1_156' title='bbox 349 1538 432 1592; x_wconf 81' lang='lat' dir='ltr'>Anglos,</span> <span class='ocrx_word' id='word_1_157' title='bbox 451 1539 472 1578; x_wconf 91' lang='lat' dir='ltr'>in</span> <span class='ocrx_word' id='word_1_158' title='bbox 491 1537 561 1591; x_wconf 88' lang='lat' dir='ltr'>quibus</span> <span class='ocrx_word' id='word_1_159' title='bbox 580 1541 654 1579; x_wconf 87' lang='lat' dir='ltr'>veteres</span> <span class='ocrx_word' id='word_1_160' title='bbox 673 1538 739 1580; x_wconf 80' lang='lat' dir='ltr'>lberni</span> <span class='ocrx_word' id='word_1_161' title='bbox 758 1555 769 1580; x_wconf 88' lang='lat' dir='ltr'>a</span> <span class='ocrx_word' id='word_1_162' title='bbox 786 1541 825 1580; x_wconf 82' lang='lat' dir='ltr'>suis</span> <span class='ocrx_word' id='word_1_163' title='bbox 843 1541 900 1581; x_wconf 89' lang='lat' dir='ltr'>novis</span> 
     </span>
     <span class='ocr_line' id='line_1_19' title="bbox 125 1593 900 1649; baseline 0 -13"><span class='ocrx_word' id='word_1_164' title='bbox 125 1595 209 1646; x_wconf 82' lang='lat' dir='ltr'>lbernis,</span> <span class='ocrx_word' id='word_1_165' title='bbox 220 1609 268 1648; x_wconf 87' lang='lat' dir='ltr'>quos</span> <span class='ocrx_word' id='word_1_166' title='bbox 279 1593 372 1649; x_wconf 77' lang='lat' dir='ltr'>erpellere</span> <span class='ocrx_word' id='word_1_167' title='bbox 380 1594 491 1642; x_wconf 87' lang='lat' dir='ltr'>noluerunt,</span> <span class='ocrx_word' id='word_1_168' title='bbox 501 1593 650 1647; x_wconf 76' lang='lat' dir='ltr'>impetebantur.</span> <span class='ocrx_word' id='word_1_169' title='bbox 679 1593 722 1635; x_wconf 89' lang='lat' dir='ltr'>Nec</span> <span class='ocrx_word' id='word_1_170' title='bbox 732 1593 847 1636; x_wconf 86' lang='lat' dir='ltr'>Ibernorurn</span> <span class='ocrx_word' id='word_1_171' title='bbox 857 1599 900 1636; x_wconf 89' lang='lat' dir='ltr'>tum</span> 
     </span>
     <span class='ocr_line' id='line_1_20' title="bbox 125 1648 898 1700; baseline -0.001 -9"><span class='ocrx_word' id='word_1_172' title='bbox 125 1654 219 1700; x_wconf 86' lang='lat' dir='ltr'>veterum,</span> <span class='ocrx_word' id='word_1_173' title='bbox 229 1655 272 1691; x_wconf 88' lang='lat' dir='ltr'>tum</span> <span class='ocrx_word' id='word_1_174' title='bbox 287 1662 381 1690; x_wconf 79' lang='lat' dir='ltr'>novorum</span> <span class='ocrx_word' id='word_1_175' title='bbox 399 1663 443 1689; x_wconf 88' lang='lat' dir='ltr'>cum</span> <span class='ocrx_word' id='word_1_176' title='bbox 458 1648 545 1689; x_wconf 81' lang='lat' dir='ltr'>finitimis</span> <span class='ocrx_word' id='word_1_177' title='bbox 560 1648 670 1689; x_wconf 74' lang='lat' dir='ltr'>domesticae</span> <span class='ocrx_word' id='word_1_178' title='bbox 680 1649 779 1690; x_wconf 87' lang='lat' dir='ltr'>discordiae</span> <span class='ocrx_word' id='word_1_179' title='bbox 789 1650 898 1691; x_wconf 82' lang='lat' dir='ltr'>defuerunt.</span> 
     </span>
     <span class='ocr_line' id='line_1_21' title="bbox 125 1703 898 1757; baseline 0 -11"><span class='ocrx_word' id='word_1_180' title='bbox 125 1706 158 1746; x_wconf 81' lang='lat' dir='ltr'>lta</span> <span class='ocrx_word' id='word_1_181' title='bbox 167 1705 192 1746; x_wconf 88' lang='lat' dir='ltr'>ab</span> <span class='ocrx_word' id='word_1_182' title='bbox 206 1704 376 1746; x_wconf 83' lang='lat' dir='ltr'>administrationis</span> <span class='ocrx_word' id='word_1_183' title='bbox 392 1704 479 1757; x_wconf 77' lang='lat' dir='ltr'>Anglicae</span> <span class='ocrx_word' id='word_1_184' title='bbox 489 1703 593 1757; x_wconf 87' lang='lat' dir='ltr'>primordio</span> <span class='ocrx_word' id='word_1_185' title='bbox 607 1718 637 1744; x_wconf 85' lang='lat' dir='ltr'>res</span> <span class='ocrx_word' id='word_1_186' title='bbox 653 1703 738 1745; x_wconf 84' lang='lat' dir='ltr'>Iberniae</span> <span class='ocrx_word' id='word_1_187' title='bbox 749 1719 768 1745; x_wconf 90' lang='lat' dir='ltr'>se</span> <span class='ocrx_word' id='word_1_188' title='bbox 782 1704 898 1755; x_wconf 84' lang='lat' dir='ltr'>habuerunt,</span> 
     </span>
     <span class='ocr_line' id='line_1_22' title="bbox 126 1759 897 1814; baseline 0 -13"><span class='ocrx_word' id='word_1_189' title='bbox 126 1761 186 1801; x_wconf 89' lang='lat' dir='ltr'>denec</span> <span class='ocrx_word' id='word_1_190' title='bbox 202 1760 263 1814; x_wconf 86' lang='lat' dir='ltr'>Angli</span> <span class='ocrx_word' id='word_1_191' title='bbox 279 1761 301 1800; x_wconf 92' lang='lat' dir='ltr'>in</span> <span class='ocrx_word' id='word_1_192' title='bbox 316 1759 388 1800; x_wconf 78' lang='lat' dir='ltr'>Christi</span> <span class='ocrx_word' id='word_1_193' title='bbox 407 1759 504 1799; x_wconf 88' lang='lat' dir='ltr'>ecclesiam</span> <span class='ocrx_word' id='word_1_194' title='bbox 522 1760 685 1813; x_wconf 83' lang='lat' dir='ltr'>conspiraverunt.</span> <span class='ocrx_word' id='word_1_195' title='bbox 723 1759 772 1801; x_wconf 88' lang='lat' dir='ltr'>Inde</span> <span class='ocrx_word' id='word_1_196' title='bbox 787 1775 838 1810; x_wconf 82' lang='lat' dir='ltr'>vero,</span> <span class='ocrx_word' id='word_1_197' title='bbox 854 1775 897 1813; x_wconf 86' lang='lat' dir='ltr'>quae</span> 
     </span>
     <span class='ocr_line' id='line_1_23' title="bbox 124 1814 897 1870; baseline 0 -14"><span class='ocrx_word' id='word_1_198' title='bbox 124 1830 221 1870; x_wconf 83' lang='lat' dir='ltr'>prospere,</span> <span class='ocrx_word' id='word_1_199' title='bbox 233 1829 316 1869; x_wconf 86' lang='lat' dir='ltr'>quaeque</span> <span class='ocrx_word' id='word_1_200' title='bbox 326 1815 403 1856; x_wconf 84' lang='lat' dir='ltr'>adverse</span> <span class='ocrx_word' id='word_1_201' title='bbox 413 1815 463 1856; x_wconf 80' lang='lat' dir='ltr'>lacta</span> <span class='ocrx_word' id='word_1_202' title='bbox 472 1815 517 1865; x_wconf 89' lang='lat' dir='ltr'>sint,</span> <span class='ocrx_word' id='word_1_203' title='bbox 525 1815 632 1856; x_wconf 87' lang='lat' dir='ltr'>accuratius</span> <span class='ocrx_word' id='word_1_204' title='bbox 640 1816 699 1869; x_wconf 87' lang='lat' dir='ltr'>paulo</span> <span class='ocrx_word' id='word_1_205' title='bbox 709 1814 834 1869; x_wconf 86' lang='lat' dir='ltr'>sequentibus</span> <span class='ocrx_word' id='word_1_206' title='bbox 843 1816 897 1856; x_wconf 82' lang='lat' dir='ltr'>libris</span> 
     </span>
     <span class='ocr_line' id='line_1_24' title="bbox 124 1884 266 1925; baseline -0.007 -14"><span class='ocrx_word' id='word_1_207' title='bbox 124 1884 266 1925; x_wconf 86' lang='lat' dir='ltr'>persequemur.</span> 
     </span>
    </p>
   </div>
   <div class='ocr_carea' id='block_1_5' title="bbox 125 2001 921 2173">
    <p class='ocr_par' dir='ltr' id='par_1_5' title="bbox 125 2001 921 2173">
     <span class='ocr_line' id='line_1_25' title="bbox 150 2001 921 2047; baseline 0.001 -12"><span class='ocrx_word' id='word_1_208' title='bbox 150 2005 158 2021; x_wconf 82' lang='lat'>*</span> <span class='ocrx_word' id='word_1_209' title='bbox 171 2003 237 2037; x_wconf 90' lang='lat' dir='ltr'>Where</span> <span class='ocrx_word' id='word_1_210' title='bbox 244 2002 294 2036; x_wconf 89' lang='lat' dir='ltr'>these</span> <span class='ocrx_word' id='word_1_211' title='bbox 302 2002 342 2035; x_wconf 86' lang='lat' dir='ltr'>four</span> <span class='ocrx_word' id='word_1_212' title='bbox 350 2005 402 2045; x_wconf 84' lang='lat' dir='ltr'>great</span> <span class='ocrx_word' id='word_1_213' title='bbox 410 2001 469 2034; x_wconf 81' lang='lat' dir='ltr'>woods</span> <span class='ocrx_word' id='word_1_214' title='bbox 483 2001 517 2045; x_wconf 77' lang='lat' dir='ltr'>lay,</span> <span class='ocrx_word' id='word_1_215' title='bbox 525 2002 540 2034; x_wconf 90' lang='lat' dir='ltr'>is</span> <span class='ocrx_word' id='word_1_216' title='bbox 553 2006 585 2035; x_wconf 91' lang='lat' dir='ltr'>not</span> <span class='ocrx_word' id='word_1_217' title='bbox 598 2002 668 2036; x_wconf 84' lang='lat' dir='ltr'>known.</span> <span class='ocrx_word' id='word_1_218' title='bbox 695 2002 734 2035; x_wconf 82' lang='lat' dir='ltr'>The</span> <span class='ocrx_word' id='word_1_219' title='bbox 747 2003 810 2047; x_wconf 87' lang='lat' dir='ltr'>period</span> <span class='ocrx_word' id='word_1_220' title='bbox 823 2002 898 2036; x_wconf 85' lang='lat' dir='ltr'>hereat·</span> <span class='ocrx_word' id='word_1_221' title='bbox 917 2006 921 2012; x_wconf 62' lang='lat'>²</span> 
     </span>
     <span class='ocr_line' id='line_1_26' title="bbox 125 2046 898 2092; baseline -0.003 -10"><span class='ocrx_word' id='word_1_222' title='bbox 125 2049 180 2083; x_wconf 85' lang='lat' dir='ltr'>luded</span> <span class='ocrx_word' id='word_1_223' title='bbox 188 2053 207 2082; x_wconf 89' lang='lat' dir='ltr'>to</span> <span class='ocrx_word' id='word_1_224' title='bbox 215 2048 311 2081; x_wconf 88' lang='lat' dir='ltr'>musthave</span> <span class='ocrx_word' id='word_1_225' title='bbox 319 2046 363 2080; x_wconf 86' lang='lat' dir='ltr'>been</span> <span class='ocrx_word' id='word_1_226' title='bbox 371 2046 411 2079; x_wconf 88' lang='lat' dir='ltr'>that</span> <span class='ocrx_word' id='word_1_227' title='bbox 418 2046 535 2090; x_wconf 84' lang='lat' dir='ltr'>immediately</span> <span class='ocrx_word' id='word_1_228' title='bbox 539 2046 636 2091; x_wconf 81' lang='lat' dir='ltr'>preceding</span> <span class='ocrx_word' id='word_1_229' title='bbox 644 2048 675 2080; x_wconf 87' lang='lat' dir='ltr'>the</span> <span class='ocrx_word' id='word_1_230' title='bbox 682 2048 761 2081; x_wconf 90' lang='lat' dir='ltr'>invasion</span> <span class='ocrx_word' id='word_1_231' title='bbox 768 2047 789 2080; x_wconf 89' lang='lat' dir='ltr'>cf</span> <span class='ocrx_word' id='word_1_232' title='bbox 795 2047 867 2081; x_wconf 88' lang='lat' dir='ltr'>Ireland</span> <span class='ocrx_word' id='word_1_233' title='bbox 875 2047 898 2092; x_wconf 80' lang='lat' dir='ltr'>by</span> 
     </span>
     <span class='ocr_line' id='line_1_27' title="bbox 126 2091 897 2173; baseline -0.003 -45"><span class='ocrx_word' id='word_1_234' title='bbox 126 2094 207 2173; x_wconf 51' lang='lat' dir='ltr'>ididam</span> <span class='ocrx_word' id='word_1_235' title='bbox 220 2093 287 2127; x_wconf 84' lang='lat' dir='ltr'>Bruce.</span> <span class='ocrx_word' id='word_1_236' title='bbox 311 2093 342 2127; x_wconf 83' lang='lat' dir='ltr'>See</span> <span class='ocrx_word' id='word_1_237' title='bbox 355 2091 466 2125; x_wconf 78' lang='lat' dir='ltr'>Gambrensis</span> <span class='ocrx_word' id='word_1_238' title='bbox 480 2091 566 2131; x_wconf 84' lang='lat' dir='ltr'>Eversus,</span> <span class='ocrx_word' id='word_1_239' title='bbox 579 2091 613 2135; x_wconf 90' lang='lat' dir='ltr'>vol.</span> <span class='ocrx_word' id='word_1_240' title='bbox 627 2093 643 2133; x_wconf 80' lang='grc' dir='ltr'>Ι,</span> <span class='ocrx_word' id='word_1_241' title='bbox 657 2103 686 2136; x_wconf 90' lang='lat' dir='ltr'>pp.</span> <span class='ocrx_word' id='word_1_242' title='bbox 702 2092 742 2134; x_wconf 81' lang='lat'>207,</span> <span class='ocrx_word' id='word_1_243' title='bbox 759 2095 798 2127; x_wconf 76' lang='lat'>209.</span> <span class='ocrx_word' id='word_1_244' title='bbox 822 2092 897 2132; x_wconf 87' lang='lat' dir='ltr'>Dublin,</span> 
     </span>
    </p>
   </div>
   <div class='ocr_carea' id='block_1_6' title="bbox 0 0 1124 3535">
    <p class='ocr_par' dir='ltr' id='par_1_6' title="bbox 0 0 1124 3535">
     <span class='ocr_line' id='line_1_28' title="bbox 0 0 1124 3535; baseline 0 4"><span class='ocrx_word' id='word_1_245' title='bbox 0 0 1124 3535; x_wconf 95' lang='lat' dir='ltr'> </span> 
     </span>
    </p>
   </div>
  </div>
 </body>
</html>
