2237 3535
236 423 261 462 96
377 425 513 467 c'sunnavam
523 437 626 465 ursaonae
641 438 768 476 caruomcar,
782 440 823 467 ron
838 440 862 466 11.
922 425 972 475 [rna.
988 438 1015 465 rv.

236 532 355 587 principatu,
374 535 469 590 oppidum
487 535 549 576 Feurc
566 534 618 576 lacui
624 535 727 575 imminens
735 536 786 576 sedis
795 535 907 591 episcopalis
923 534 970 576 Divi
979 534 1016 575 Oo-

237 587 310 629 lumbae
328 591 442 644 patrocinio,
461 592 578 644 nomineque
596 590 680 639 clanarn3
695 603 780 644 namque
788 592 835 632 Dirc
847 591 919 632 Colum
928 589 987 638 Keil,
994 590 1015 630 id

238 646 274 693 est,
285 644 352 699 Lucus
371 645 471 687 Columbae
488 646 540 686 cellae
549 648 678 698 nuncupatur.
708 644 734 684 ln
744 659 767 685 eo
777 647 847 700 oppido
858 645 945 700 dispositi
954 645 1016 698 Angli

238 698 324 740 haeretici
333 701 422 742 homines
435 704 502 741 contra
512 699 617 740 O'Dcnelli
625 699 745 740 voluntatem
755 703 774 740 et
783 700 891 754 imperium,
908 700 1015 742 sacerdotes

240 757 260 793 ct
269 754 369 808 religiosos
379 756 453 808 fugant,
464 768 517 794 sacra
533 754 605 807 templa
611 753 712 803 invadunt,
722 754 745 794 in
760 768 817 795 unam
826 756 925 797 ecclesiam
934 755 1014 810 sulphu-

239 819 295 849 reum
304 811 409 864 pulverem,
416 809 515 862 plumbeas
525 808 611 861 glandes,
621 808 767 849 bombardicum
776 809 848 860 funem,
859 811 1014 865 sclopcs,hastas‚

240 869 356 919 caeterasque
365 864 483 904 munitiones
500 863 593 904 custodia
603 877 660 904 causa
668 864 766 904 inserunt:
781 865 802 905 in
808 865 850 906 aliis
856 866 956 907 haereticos
965 866 1015 906 n'tus

239 917 327 969 Lutberi,
337 919 418 967 Caluini,
432 925 451 959 et
465 919 547 959 aliorum
556 918 577 959 id
586 932 648 973 genus
657 918 759 959 hominum
768 919 888 973 impurorum
900 925 996 975 peragunt
1007 937 1011 960 ι

238 973 311 1014 nullam
326 988 367 1014 non
383 973 458 1014 scelesti
474 977 575 1014 temerant.
605 973 665 1028 Cujus
674 973 747 1027 piaculi
764 988 840 1027 paenam
849 975 912 1016 Divus
919 976 1014 1017 Columba

240 1028 266 1080 (is
285 1030 334 1069 enirn
349 1028 441 1081 ereditur)
457 1028 537 1069 minime
557 1028 644 1069 distulit:
659 1043 705 1069 narn
713 1032 768 1069 tenet
776 1029 827 1070 lama
841 1034 932 1071 constans
940 1031 1016 1085 indige-

237 1097 312 1132 narum,
331 1084 401 1138 lupum
416 1098 494 1137 corpore
511 1088 593 1134 vastum,
604 1083 686 1138 pilisque
700 1084 797 1125 hirsutum
806 1099 817 1125 e
826 1086 919 1138 proximis
933 1086 986 1127 silvis
993 1087 1015 1126 in

184 1138 330 1191 [aaqoppidam
344 1138 440 1193 intrepide
456 1139 584 1191 venientemll
606 1139 739 1193 officinamque
752 1139 850 1180 fanniam
858 1140 967 1193 ingressum
982 1155 1015 1181 ore

237 1192 323 1235 hausisse
332 1208 423 1248 magnam
432 1195 471 1235 aim
481 1194 557 1235 illarum
567 1194 694 1235 scintillarum
704 1208 747 1248 quae
762 1195 844 1235 anferre
854 1195 954 1244 candente,
967 1195 1014 1236 dum

235 1248 331 1299 tunditur,
352 1250 473 1299 emittuntur,
493 1263 563 1303 easque
576 1250 686 1303 ingressum
702 1249 723 1290 in
733 1250 800 1299 oedem,
817 1250 839 1290 in
849 1251 887 1302 quat
897 1250 1012 1303 sulphureus

234 1302 298 1355 pulvis
308 1308 348 1345 erat
358 1304 463 1345 collocatus
471 1305 584 1354 euomuisse,
591 1305 728 1359 pulveremque
736 1309 755 1345 et
765 1308 827 1345 totum
836 1304 933 1358 templum
946 1320 1014 1346 accen-

235 1358 291 1398 disse.
320 1359 415 1414 Oujusrei
421 1360 529 1413 pericnlum
538 1360 579 1401 veri
585 1374 621 1414 ego
632 1360 656 1401 ad
665 1374 696 1401 me
706 1374 747 1401 non
756 1360 834 1414 recipio.
863 1359 925 1401 Penes
934 1361 1012 1410 famam,
1021 1380 1022 1383 ¹

234 1418 357 1469 veteremque
366 1415 491 1456 traditionem
510 1418 551 1456 esto
560 1415 614 1456 fides.
643 1415 703 1464 Illud,
718 1415 771 1468 quod
779 1415 830 1456 inter
839 1429 906 1455 omnes
916 1417 1013 1464 convenit,

235 1468 297 1509 audeo
310 1471 429 1519 confirmare,
444 1471 539 1511 nitentum
548 1470 646 1524 pulverem
652 1470 716 1511 subito
727 1470 853 1524 conflagrasse
859 1470 880 1520 ἅ
893 1470 969 1525 Anglos
980 1471 1013 1524 qni

235 1528 290 1564 erant
308 1526 330 1565 in
349 1525 429 1566 ecclesia
439 1525 572 1575 combussisse,
583 1526 654 1579 quique
668 1526 741 1566 circum
750 1525 848 1566 ecclesiam
857 1525 1012 1575 deambulabam,

234 1580 302 1632 ignitis
312 1581 384 1633 tegulis
393 1594 494 1635 percussos
510 1581 606 1621 exanimes
613 1580 703 1633 cecidisse
710 1598 716 1631 3
733 1580 767 1632 qni
776 1580 806 1620 rel
815 1581 867 1621 oerles
875 1581 1012 1635 circumjectas,

235 1633 266 1674 vel
275 1635 297 1674 in
315 1635 379 1676 lacum
388 1636 498 1689 proximum
518 1635 625 1689 fugiebant,
639 1635 709 1689 tegulis
724 1635 848 1689 sequentibus
858 1635 930 1676 occisos
945 1636 1011 1685 tuisse,

235 1703 257 1729 ao
271 1689 376 1731 nonnullos
386 1690 497 1744 quingentis
510 1691 599 1744 passibus
615 1690 638 1731 ab
649 1691 720 1744 oppido
731 1694 813 1740 stratos,
828 1694 848 1731 et
857 1690 884 1731 ita
897 1690 968 1731 lbernc
978 1705 1011 1731 ne-

233 1744 285 1784 mine
294 1744 346 1794 laaso,
376 1745 486 1786 Randalum
496 1758 540 1785 oum
556 1746 683 1798 septingentis
691 1744 763 1798 Anglis
772 1745 840 1786 misere
848 1745 932 1799 periisse,
942 1750 1012 1800 praeter

232 1812 305 1852 paucos
316 1800 375 1840 cladis
386 1801 475 1851 nuncios,
484 1800 519 1853 qui
528 1799 552 1840 ad
561 1800 637 1853 Anglos
648 1814 692 1840 suos
702 1800 773 1840 reversi
778 1801 858 1840 exitium
868 1800 935 1854 gentili
945 1805 964 1841 et
970 1802 1011 1841 eth-

232 1854 277 1895 nico
296 1869 349 1896 more
358 1855 467 1896 referebant
476 1856 507 1896 his
517 1855 586 1895 verbis.
617 1854 718 1895 “lbernus
729 1854 782 1895 Deus
792 1855 886 1896 Columba
898 1870 934 1896 nos
944 1870 1011 1896 omnes

232 1910 350 1951 interfecit.''
379 1910 412 1951 En
418 1909 586 1952 haereticibarbari
592 1909 649 1950 verba
659 1909 777 1960 effutiebant,
785 1911 840 1963 quasi
849 1910 916 1951 Iberni
926 1911 1011 1951 colerent

232 1964 307 2005 Dirum
316 1964 432 2006 Columbam
441 1981 477 2020 pro
493 1965 537 2006 Deo
547 1970 567 2006 et
576 1980 617 2005 non
625 1979 660 2019 pro
669 1965 708 2005 fido
718 1965 757 2005 Dei
772 1979 832 2015 servo,
843 1966 876 2019 qui
884 1970 962 2019 propter
972 1981 1010 2007 sea-

232 2023 277 2060 vata
285 2022 315 2061 sui
325 2020 420 2062 Creatonis
429 2025 532 2076 praecepta,
542 2021 735 2074 vitamquesanctam
742 2026 798 2073 atque
803 2021 933 2071 innocentem,
943 2021 1011 2061 multis

232 2075 329 2116 miraculis
338 2076 394 2117 lactis
403 2077 424 2116 in
441 2076 536 2118 Divorum
547 2080 618 2117 coetum
628 2079 657 2116 est
666 2075 743 2124 relatus,
754 2076 846 2129 vivusque
856 2076 921 2116 divino
931 2076 1011 2116 numine

231 2130 311 2171 inflatus
320 2132 371 2172 banc
379 2131 448 2173 urbem
457 2135 543 2173 sanctam
551 2131 642 2184 praevidit
652 2130 676 2171 ab
684 2131 778 2171 haereticis
784 2131 843 2171 luisse
848 2131 963 2171 violandam.
979 2131 1010 2171 Ob

233 2186 286 2238 quod
301 2186 346 2226 crim
364 2187 441 2240 ingenti
461 2201 541 2227 maercre
557 2184 636 2240 affectus
656 2190 711 2234 esset,
729 2200 741 2225 a
759 2185 847 2226 Bethano
858 2186 916 2234 socio,
926 2186 1010 2226 tristitiae

232 2255 310 2281 causam
327 2245 414 2296 rogatus,
434 2246 520 2295 “angcr,
539 2242 604 2295 inquit
620 2241 720 2281 Bathane!
736 2239 895 2280 Randalumesse
909 2240 1009 2281 11111110.υ

233 2295 292 2339 Quod
310 2297 423 2338 vaticinium
432 2297 502 2338 litteris
512 2296 675 2345 mandatum,sed
683 2296 743 2348 longo
753 2295 867 2335 sannorum
881 2310 921 2336 aevo
930 2310 971 2336 non
980 2297 1010 2337 in-

231 2351 330 2393 tellectum
351 2353 375 2393 de
387 2353 424 2393 boc
441 2353 529 2393 Randalo
538 2352 648 2405 Anglcrum
665 2351 764 2405 praefecto,
781 2349 831 2390 clare
841 2351 886 2391 satis
897 2351 1010 2405 explicatur,

231 2406 366 2449 O’Donnellns
383 2422 460 2461 quoqne
474 2407 508 2461 qui
517 2407 627 2448 Catholicae
636 2407 658 2447 in
667 2405 761 2460 oppidum
770 2408 857 2446 sanctum
871 2407 970 2447 haereticos
979 2407 1009 2447 in-

231 2461 287 2503 duxit
297 2477 350 2504 sacia
369 2463 522 2503 contaminantes
532 2462 584 2504 haud
594 2476 636 2503 sero
647 2461 715 2515 dignas
720 2474 786 2514 paenas
791 2461 889 2514 pependit.
917 2462 1009 2514 Namque

231 2517 298 2558 deletis
307 2518 338 2558 his
348 2518 424 2571 Anglis,
435 2532 479 2558 cnm
486 2532 579 2571 maguum
594 2516 694 2558 clientium
701 2529 781 2555 suornm
790 2517 894 2557 exercitum
903 2517 924 2557 in
934 2516 1009 2557 O'Nel-

230 2572 272 2612 lum
288 2573 373 2623 duceret,
384 2577 404 2614 et
419 2574 440 2614 in
450 2573 514 2613 medio
524 2573 565 2627 ejus
575 2573 643 2613 serena
653 2571 683 2611 die
698 2571 755 2610 laetus
764 2575 783 2610 et
789 2571 861 2613 viribus
872 2571 946 2612 validus
956 2572 1022 2622 inca,

230 2627 289 2677 deret,
300 2629 364 2669 subito
379 2628 429 2669 malo
438 2642 516 2683 pressus
525 2628 617 2669 exanimis
624 2640 674 2679 equo
684 2625 777 2671 corruta
803 2626 837 2668 Illi
846 2628 938 2668 successit
947 2626 1009 2680 Hugc

231 2682 365 2725 O’Dcnnellus
381 2684 445 2733 frater,
461 2698 506 2724 cum
517 2697 555 2737 qno
567 2681 662 2723 O’Nellus
669 2695 710 2721 non
716 2681 781 2721 minus
790 2682 848 2736 qnam
858 2696 903 2723 cum
917 2682 1008 2722 defuneto

229 2737 339 2780 inimicitias
349 2753 439 2780 exercens
447 2739 548 2780 instructis
553 2736 663 2792 agminibus
672 2735 728 2776 illum
737 2737 802 2790 paucis
809 2736 934 2792 stipatoribus
944 2738 1008 2778 muni-

253 2866 264 2888 *
277 2865 313 2899 The
321 2866 437 2900 ammunition
446 2867 489 2900 teob
503 2867 542 2905 fire,
550 2865 604 2911 April
614 2865 664 2903 1566,
671 2864 706 2897 and
718 2864 763 2899 blew
771 2878 793 2911 up
802 2867 832 2900 the
840 2871 889 2900 town
897 2866 932 2899 and
940 2865 977 2900 fort
990 2867 1011 2901 of

229 2909 383 3000 ngrlqpfflelsitqqud,
391 2912 487 2956 according
493 2916 513 2945 to
526 2912 571 2951 ch,
580 2910 621 2954 only
629 2911 652 2942 20
659 2920 700 2943 naen
709 2910 730 2942 of
735 2911 765 2945 the
773 2910 806 2948 700
818 2912 836 2945 in
845 2911 927 2956 gari-ison
936 2923 940 2945 :
953 2917 985 2945 not
997 2925 1007 2946 a

254 2998 266 3036 †
279 3001 302 3033 A.
311 3000 336 3033 D.
347 3001 473 3034 mee-Foru
482 3002 566 3034 Masters.
