2237 3535
226 396 251 434 90
367 398 500 438 o’snannvnur
515 410 617 437 ursaonae
633 410 757 450 cnrnonrcra,
769 414 818 442 rou.
834 414 858 441 Π.
905 401 955 452 [nra.
970 413 1005 440 nr.

225 504 296 547 obiisse
306 522 329 548 ea
343 507 402 548 verba
410 506 515 548 identidem
531 508 660 562 proferentem
678 507 783 551 “Domine
800 512 816 551 si
825 510 897 565 populo
911 513 946 550 tuo
961 523 1004 549 sum

224 574 279 613 opus,
291 576 327 617 ego
338 562 416 615 quidem
432 563 517 604 laborem
531 577 571 604 non
586 577 659 612 recuso,
671 562 701 603 sin
710 563 775 605 minus
785 567 914 620 nequicquam
922 564 1003 605 moleste

186 639 188 642 -
224 616 266 656 lero
276 631 299 657 en
315 618 373 671 hujus
388 617 525 659 lahoriossimae
535 619 579 659 vitae
592 618 688 672 praesidio,
699 622 718 658 et
728 620 811 662 statione
823 621 925 672 discedere,
936 619 1001 660 divino

226 675 261 711 tuo
271 676 383 727 conspectu,
394 677 414 713 et
424 674 489 713 eternrt
499 673 563 726 quiete
571 672 708 714 recreandus?

381 1121 409 1154 De
420 1120 508 1154 O'Briene
518 1119 608 1153 Tomoniae
617 1125 636 1154 et
644 1121 751 1154 Lomnachae
759 1121 848 1166 principe.

222 1217 285 1257 Hauc
295 1217 342 1257 inde
350 1217 411 1271 longo
421 1220 507 1271 tempore
516 1220 611 1258 transacto
622 1217 720 1258 aDaniele
730 1216 827 1258 O’Briene
836 1218 934 1258 Tomoniae
944 1217 999 1259 Prin-

222 1274 264 1326 cipe
279 1276 345 1312 motus
361 1273 471 1313 excitantur
486 1272 631 1326 periculosiores
647 1273 715 1327 procul
729 1272 789 1312 dubio
801 1273 868 1323 futuri,
878 1273 916 1313 nisi
925 1274 947 1313 in
957 1273 999 1326 ipso

221 1328 299 1368 exordio
309 1327 381 1368 Daniel
391 1331 463 1368 conatu
472 1327 584 1381 dejiceretur
597 1328 668 1382 partim
678 1329 712 1368 sut
721 1327 829 1369 temeritate
838 1329 909 1382 partim
919 1342 999 1368 consan-

221 1384 337 1437 guineorimr
359 1383 489 1424 contentione.
529 1382 551 1423 is
567 1383 590 1424 ad
612 1387 687 1424 tantam
702 1383 814 1437 potentiam,
838 1383 999 1437 autoritatemque

220 1441 324 1492 provectus
334 1441 369 1487 est,
379 1437 467 1478 utillum
476 1437 533 1477 multi
547 1437 614 1478 lberni
630 1443 703 1479 veteres
719 1441 738 1478 et
753 1438 800 1478 novi
817 1439 919 1479 statuerint
933 1452 999 1490 regem

219 1493 299 1547 jurarel
315 1506 379 1546 neque
395 1493 420 1533 ad
436 1492 457 1533 id
472 1492 619 1546 impediendum
627 1493 718 1547 Phyton³r
733 1507 801 1546 prorex
819 1494 903 1547 Anglus,
920 1492 999 1533 auderet

221 1548 275 1588 urbis
284 1547 402 1588 Lomnaclrae
412 1548 483 1588 maenia
497 1548 562 1600 egredi
576 1562 635 1600 quam
651 1548 738 1602 praesidio
753 1547 838 1598 tenebat,
853 1563 889 1589 nec
906 1548 951 1588 satis
961 1548 999 1588 sibi

221 1607 283 1643 tutam
293 1603 422 1643 existimabat,
451 1602 525 1643 Verum
540 1603 582 1642 sine
599 1603 678 1643 vulnere
695 1607 714 1644 et
729 1603 795 1656 praelio
813 1617 878 1644 omnes
896 1602 998 1643 O'Brienis

220 1658 269 1698 vires
284 1671 325 1697 nno
342 1660 477 1710 stratagemate
493 1656 581 1697 funditus
598 1659 672 1698 evertit.
701 1658 789 1698 Primum
803 1672 849 1698 cum
862 1658 895 1698 illc
911 1658 934 1698 de
944 1659 997 1711 pacis

219 1712 363 1753 conditionibus
373 1713 414 1765 agit
420 1729 427 1761 ‚-
443 1711 544 1752 deindeert
553 1712 576 1752 ad
587 1712 706 1766 colloquium
715 1713 809 1765 oppidum
821 1713 940 1765 ingrediatur
948 1713 998 1766 petit

220 1772 239 1808 et
249 1772 296 1817 orat,
306 1768 422 1820 interposito
430 1766 556 1820 jurejurando
565 1769 588 1806 ut
603 1766 704 1807 obsidibus
718 1767 768 1807 datis
783 1767 893 1808 dimittendi
902 1767 958 1808 illum
967 1768 997 1808 in-

187 1867 190 1872 ·
219 1823 315 1863 columem
324 1823 349 1863 ad
358 1823 426 1862 horam
436 1821 556 1862 destinatam.
586 1821 673 1862 O'Brien
682 1822 739 1862 homo
753 1822 815 1862 facilis
826 1822 924 1863 temerario
935 1824 997 1863 cousi-

165 1872 246 1918 [79·]fi0
257 1878 345 1930 ductast!
358 1877 452 1931 oppidum
465 1876 532 1926 intrat,
550 1875 627 1917 obsides
642 1876 751 1930 Aegrorum
766 1891 832 1917 secum
841 1877 933 1927 deferens,
943 1881 996 1918 ratus

219 1934 329 1987 Phytonem
336 1932 461 1986 jurejurando
470 1932 517 1972 satis
532 1945 572 1972 csse
581 1931 670 1984 ligatum,
680 1932 791 1985 relinquens
806 1933 910 1973 exercitum
920 1932 945 1973 ad
954 1946 996 1986 sep-

217 1988 353 2029 tentrionalem
367 1987 421 2028 urbis
437 1991 519 2041 portam,
534 1986 569 2027 ubi
588 1990 630 2027 erat
645 1988 667 2027 in
684 1987 763 2027 stativis.
794 1987 833 2028 Sed
848 2002 858 2028 e
873 1987 996 2028 meridionali

217 2047 272 2098 porta
281 2057 348 2084 rursus
359 2057 370 2082 a
384 2056 463 2096 prorege
473 2041 568 2082 emittitur
577 2042 602 2082 ad
616 2045 694 2095 tempus
703 2043 830 2082 constitutum
840 2059 845 2082 ι
860 2057 882 2083 ac
892 2043 919 2082 ita
930 2042 994 2082 Sinni-

216 2114 254 2139 nus
269 2098 330 2140 amnis
341 2098 435 2151 oppidum
444 2097 530 2138 adfluens
545 2101 563 2137 et
577 2097 690 2137 interfluens
704 2097 759 2137 illum
770 2097 793 2137 ab
804 2098 888 2138 exercitu
899 2096 994 2137 distermi-

216 2154 281 2204 nabat,
299 2166 362 2208 neqne
377 2152 459 2206 trajiciat
475 2152 496 2192 in
511 2152 596 2192 flnnrinis
610 2152 657 2205 ripis
672 2166 740 2205 proreu
757 2152 854 2192 custodias
873 2152 963 2205 disponit,
975 2156 995 2192 et

216 2210 294 2250 interim
309 2208 399 2250 Cornelio
417 2207 528 2258 O’Bn'eni,‡
544 2207 629 2261 principi
645 2208 712 2259 nepoti
729 2220 753 2246 ex
773 2207 837 2256 fratre,
852 2207 885 2247 sed
903 2207 993 2247 acerrimo

216 2264 469 2317 adirersario,qnen1secum
478 2261 568 2312 habebat,
578 2262 633 2315 regio
639 2262 717 2302 nornine
724 2261 827 2314 pollicetur
832 2262 931 2302 Tomoniae
941 2262 993 2314 pn'n-

216 2320 302 2373 cipatum
319 2334 364 2360 cum
384 2318 464 2359 Comitis
483 2318 567 2367 nomine,
585 2316 639 2371 quod
655 2317 696 2370 ejus
712 2319 792 2369 patruus
809 2316 890 2357 Maurus
907 2315 993 2358 O’Brien

215 2375 288 2429 primus
299 2389 323 2415 en
332 2375 355 2415 ed
364 2377 423 2427 gente
433 2376 535 2425 acceperat,
549 2372 607 2413 modo
622 2372 676 2425 regio
683 2370 763 2425 imperio
778 2370 917 2425 obtemperans,
928 2376 993 2412 motus

215 2430 239 2471 ab
251 2429 347 2471 O’Briene
357 2429 462 2469 concitatos
478 2431 578 2468 conaretur
589 2427 670 2468 sedare:
681 2439 739 2479 quam
747 2425 782 2466 illo
792 2427 920 2468 conditionem
931 2426 992 2467 liben-

214 2490 244 2526 ter
262 2485 374 2539 accipiente,
399 2483 500 2524 (YBrienis
524 2484 573 2523 vires
593 2487 613 2523 et
637 2481 731 2522 exercitus
756 2481 888 2535 dissipantur3
912 2481 992 2535 ipseque

215 2540 299 2581 (YBrien
310 2539 363 2595 qdod
373 2539 398 2580 ad
407 2538 512 2579 exercitum
520 2552 561 2578 non
568 2538 634 2592 potuit
644 2536 714 2584 venire,
724 2535 757 2576 viu
767 2548 816 2589 equo
826 2537 869 2586 tuit,
879 2550 919 2576 uno
929 2536 992 2590 pedis-

214 2610 273 2649 sequo
283 2596 360 2636 comite.
390 2594 416 2635 Ei
431 2594 453 2634 in
469 2593 506 2634 hac
522 2593 569 2647 fuga
585 2592 608 2633 id
625 2590 729 2644 contigisse
744 2590 794 2631 fama
809 2591 922 2645 divulgavit,
940 2592 992 2643 qnod

240 2714 308 2759 *llany
324 2712 457 2748 anachronisms
472 2712 491 2745 in
507 2712 538 2745 the
554 2712 634 2755 chapter.
655 2708 734 2742 Donnell
746 2707 826 2742 O’Brian
841 2720 881 2741 rose
897 2713 915 2741 tc
931 2721 990 2754 power

215 2759 264 2792 Α.]).
275 2759 397 2794 teca-Fur
405 2759 487 2793 Mauors.
512 2757 590 2791 See-also
598 2755 642 2788 ibid.
652 2753 702 2788 Am.
713 2755 763 2792 1554,
774 2755 824 2793 1555,
836 2753 864 2786 for
872 2754 899 2787 his
908 2755 989 2791 victories

215 2804 251 2836 and
258 2804 322 2838 battles
329 2804 399 2848 against
408 2804 438 2837 the
444 2802 528 2847 English.

239 2845 594 2891 rutilorSussex,(auricomum.
610 2846 660 2877 1558.
683 2843 721 2876 The
735 2843 784 2876 Focr
798 2842 876 2877 Moriere
886 2845 953 2890 merely
960 2857 988 2880 re.

215 2893 259 2928 cord
266 2894 357 2928 Donnell's
366 2894 464 2939 deposition
472 2893 508 2927 and
515 2892 572 2937 ssight,
581 2891 615 2923 hut
624 2889 700 2923 without
705 2889 735 2922 the
744 2888 880 2923 circumstances
888 2891 990 2926 mentioned

213 2940 262 2973 here.

237 2983 302 3028 ssFour
312 2983 458 3018 niestein-ibid.
