<?xml version="1.0" encoding="UTF-8"?>
<!DOCTYPE html PUBLIC "-//W3C//DTD XHTML 1.0 Transitional//EN"
    "http://www.w3.org/TR/xhtml1/DTD/xhtml1-transitional.dtd">
<html xmlns="http://www.w3.org/1999/xhtml" xml:lang="en" lang="en">
 <head>
  <title>
</title>
<meta http-equiv="Content-Type" content="text/html;charset=utf-8" />
  <meta name='ocr-system' content='tesseract 3.04.00' />
  <meta name='ocr-capabilities' content='ocr_page ocr_carea ocr_par ocr_line ocrx_word'/>
</head>
<body>
  <div class='ocr_page' id='page_1' title='image "MN42000ucmf_1_0288.png"; bbox 0 0 2237 3535; ppageno 0'>
   <div class='ocr_carea' id='block_1_1' title="bbox 267 391 1043 444">
    <p class='ocr_par' dir='ltr' id='par_1_1' title="bbox 267 391 1043 444">
     <span class='ocr_line' id='line_1_1' title="bbox 267 391 1043 444; baseline 0 -13"><span class='ocrx_word' id='word_1_1' title='bbox 267 394 306 432; x_wconf 64' lang='lat'>240</span> <span class='ocrx_word' id='word_1_2' title='bbox 393 394 527 436; x_wconf 73' lang='lat' dir='ltr'>o&#39;suninvnur</span> <span class='ocrx_word' id='word_1_3' title='bbox 541 408 643 436; x_wconf 76' lang='lat' dir='ltr'>ursaceus</span> <span class='ocrx_word' id='word_1_4' title='bbox 653 408 779 444; x_wconf 74' lang='grc'>0111101100,</span> <span class='ocrx_word' id='word_1_5' title='bbox 793 406 884 434; x_wconf 79' lang='grc'>1011111.</span> <span class='ocrx_word' id='word_1_6' title='bbox 939 391 988 444; x_wconf 79' lang='lat' dir='ltr'>[nra.</span> <span class='ocrx_word' id='word_1_7' title='bbox 1004 404 1043 432; x_wconf 87' lang='lat' dir='ltr'>vn.</span> 
     </span>
    </p>
   </div>
   <div class='ocr_carea' id='block_1_2' title="bbox 262 501 1106 1489">
    <p class='ocr_par' dir='ltr' id='par_1_2' title="bbox 264 501 1042 995">
     <span class='ocr_line' id='line_1_2' title="bbox 266 501 1042 558; baseline 0 -17"><span class='ocrx_word' id='word_1_8' title='bbox 266 515 311 542; x_wconf 90' lang='lat' dir='ltr'>cum</span> <span class='ocrx_word' id='word_1_9' title='bbox 322 502 451 546; x_wconf 82' lang='lat' dir='ltr'>O&#39;Sullevano</span> <span class='ocrx_word' id='word_1_10' title='bbox 461 504 606 557; x_wconf 86' lang='lat' dir='ltr'>septentrionali</span> <span class='ocrx_word' id='word_1_11' title='bbox 616 507 670 558; x_wconf 86' lang='lat' dir='ltr'>parte</span> <span class='ocrx_word' id='word_1_12' title='bbox 679 504 765 545; x_wconf 82' lang='lat' dir='ltr'>fluminis</span> <span class='ocrx_word' id='word_1_13' title='bbox 774 505 795 545; x_wconf 89' lang='lat' dir='ltr'>in</span> <span class='ocrx_word' id='word_1_14' title='bbox 805 501 945 556; x_wconf 66' lang='lat' dir='ltr'>Ponurnpem&#39;r</span> <span class='ocrx_word' id='word_1_15' title='bbox 956 501 1042 556; x_wconf 82' lang='lat' dir='ltr'>(Carraig</span> 
     </span>
     <span class='ocr_line' id='line_1_3' title="bbox 266 556 1041 611; baseline 0 -15"><span class='ocrx_word' id='word_1_16' title='bbox 266 571 292 597; x_wconf 84' lang='lat' dir='ltr'>an</span> <span class='ocrx_word' id='word_1_17' title='bbox 301 557 395 607; x_wconf 84' lang='lat' dir='ltr'>Drohaid)</span> <span class='ocrx_word' id='word_1_18' title='bbox 408 559 485 600; x_wconf 89' lang='lat' dir='ltr'>castello</span> <span class='ocrx_word' id='word_1_19' title='bbox 494 573 535 599; x_wconf 88' lang='lat' dir='ltr'>non</span> <span class='ocrx_word' id='word_1_20' title='bbox 543 558 620 611; x_wconf 83' lang='lat' dir='ltr'>longius</span> <span class='ocrx_word' id='word_1_21' title='bbox 630 572 669 598; x_wconf 87' lang='lat' dir='ltr'>nna</span> <span class='ocrx_word' id='word_1_22' title='bbox 678 558 732 599; x_wconf 85' lang='lat' dir='ltr'>leuca</span> <span class='ocrx_word' id='word_1_23' title='bbox 747 560 876 604; x_wconf 84' lang='lat' dir='ltr'>consistunt.†</span> <span class='ocrx_word' id='word_1_24' title='bbox 891 557 963 610; x_wconf 81' lang='lat' dir='ltr'>Magna</span> <span class='ocrx_word' id='word_1_25' title='bbox 973 556 1041 597; x_wconf 90' lang='lat' dir='ltr'>diebus</span> 
     </span>
     <span class='ocr_line' id='line_1_4' title="bbox 265 612 1041 667; baseline 0 -15"><span class='ocrx_word' id='word_1_26' title='bbox 265 612 298 653; x_wconf 89' lang='lat' dir='ltr'>his</span> <span class='ocrx_word' id='word_1_27' title='bbox 307 618 385 667; x_wconf 87' lang='lat' dir='ltr'>repente</span> <span class='ocrx_word' id='word_1_28' title='bbox 395 614 479 654; x_wconf 88' lang='lat' dir='ltr'>cooritur</span> <span class='ocrx_word' id='word_1_29' title='bbox 494 616 604 665; x_wconf 76' lang='lat' dir='ltr'>tempestas,</span> <span class='ocrx_word' id='word_1_30' title='bbox 621 616 719 666; x_wconf 84' lang='lat' dir='ltr'>tantaeque</span> <span class='ocrx_word' id='word_1_31' title='bbox 733 618 803 666; x_wconf 88' lang='lat' dir='ltr'>praeter</span> <span class='ocrx_word' id='word_1_32' title='bbox 813 612 970 655; x_wconf 87' lang='lat' dir='ltr'>consuetudinem</span> <span class='ocrx_word' id='word_1_33' title='bbox 979 612 1041 652; x_wconf 89' lang='lat' dir='ltr'>incre·</span> 
     </span>
     <span class='ocr_line' id='line_1_5' title="bbox 266 666 1042 722; baseline -0.003 -14"><span class='ocrx_word' id='word_1_34' title='bbox 266 666 361 708; x_wconf 86' lang='lat' dir='ltr'>bruerunt</span> <span class='ocrx_word' id='word_1_35' title='bbox 377 681 432 721; x_wconf 87' lang='lat' dir='ltr'>aquae</span> <span class='ocrx_word' id='word_1_36' title='bbox 448 670 470 707; x_wconf 88' lang='lat' dir='ltr'>ut</span> <span class='ocrx_word' id='word_1_37' title='bbox 484 667 622 720; x_wconf 76' lang='lat' dir='ltr'>interruperint</span> <span class='ocrx_word' id='word_1_38' title='bbox 637 671 712 721; x_wconf 89' lang='lat' dir='ltr'>pontes.</span> <span class='ocrx_word' id='word_1_39' title='bbox 742 667 864 722; x_wconf 76' lang='lat' dir='ltr'>Ouareregii</span> <span class='ocrx_word' id='word_1_40' title='bbox 873 683 914 709; x_wconf 88' lang='lat' dir='ltr'>non</span> <span class='ocrx_word' id='word_1_41' title='bbox 927 666 1042 707; x_wconf 79' lang='lat' dir='ltr'>videbantur</span> 
     </span>
     <span class='ocr_line' id='line_1_6' title="bbox 266 721 1042 776; baseline -0.001 -14"><span class='ocrx_word' id='word_1_42' title='bbox 266 723 332 763; x_wconf 87' lang='lat' dir='ltr'>ausuri</span> <span class='ocrx_word' id='word_1_43' title='bbox 341 737 374 776; x_wconf 90' lang='lat' dir='ltr'>per</span> <span class='ocrx_word' id='word_1_44' title='bbox 383 723 455 762; x_wconf 84' lang='lat' dir='ltr'>flumen</span> <span class='ocrx_word' id='word_1_45' title='bbox 463 721 531 762; x_wconf 87' lang='lat' dir='ltr'>redire.</span> <span class='ocrx_word' id='word_1_46' title='bbox 561 721 626 767; x_wconf 75' lang='lat' dir='ltr'>Quam</span> <span class='ocrx_word' id='word_1_47' title='bbox 636 722 754 763; x_wconf 75' lang='lat' dir='ltr'>occasionem</span> <span class='ocrx_word' id='word_1_48' title='bbox 764 722 904 764; x_wconf 82' lang='lat' dir='ltr'>O&#39;Sullevenus</span> <span class='ocrx_word' id='word_1_49' title='bbox 914 725 1042 776; x_wconf 80' lang='lat' dir='ltr'>opportunam</span> 
     </span>
     <span class='ocr_line' id='line_1_7' title="bbox 266 776 1041 831; baseline -0.001 -15"><span class='ocrx_word' id='word_1_50' title='bbox 266 781 326 827; x_wconf 83' lang='lat' dir='ltr'>ratus,</span> <span class='ocrx_word' id='word_1_51' title='bbox 342 777 408 817; x_wconf 86' lang='lat' dir='ltr'>relicto</span> <span class='ocrx_word' id='word_1_52' title='bbox 425 776 550 817; x_wconf 87' lang='lat' dir='ltr'>Muchroumi</span> <span class='ocrx_word' id='word_1_53' title='bbox 565 777 661 830; x_wconf 88' lang='lat' dir='ltr'>praesidio,</span> <span class='ocrx_word' id='word_1_54' title='bbox 679 791 723 818; x_wconf 88' lang='lat' dir='ltr'>curn</span> <span class='ocrx_word' id='word_1_55' title='bbox 740 778 801 831; x_wconf 91' lang='lat' dir='ltr'>copiis</span> <span class='ocrx_word' id='word_1_56' title='bbox 818 792 893 818; x_wconf 89' lang='lat' dir='ltr'>amnem</span> <span class='ocrx_word' id='word_1_57' title='bbox 909 781 1007 827; x_wconf 85' lang='lat' dir='ltr'>trannans,</span> <span class='ocrx_word' id='word_1_58' title='bbox 1022 779 1041 816; x_wconf 84' lang='lat' dir='ltr'>et</span> 
     </span>
     <span class='ocr_line' id='line_1_8' title="bbox 265 831 1041 886; baseline 0 -15"><span class='ocrx_word' id='word_1_59' title='bbox 265 831 369 872; x_wconf 85' lang='lat' dir='ltr'>Bunneum</span> <span class='ocrx_word' id='word_1_60' title='bbox 378 832 459 872; x_wconf 84' lang='lat' dir='ltr'>fluvium</span> <span class='ocrx_word' id='word_1_61' title='bbox 468 845 517 884; x_wconf 89' lang='lat' dir='ltr'>aqua</span> <span class='ocrx_word' id='word_1_62' title='bbox 527 846 612 872; x_wconf 88' lang='lat' dir='ltr'>summos</span> <span class='ocrx_word' id='word_1_63' title='bbox 621 832 706 873; x_wconf 85' lang='lat' dir='ltr'>rnilitum</span> <span class='ocrx_word' id='word_1_64' title='bbox 721 832 812 872; x_wconf 79' lang='lat' dir='ltr'>humeros</span> <span class='ocrx_word' id='word_1_65' title='bbox 822 836 923 886; x_wconf 77' lang='lat' dir='ltr'>superante</span> <span class='ocrx_word' id='word_1_66' title='bbox 932 836 1041 886; x_wconf 87' lang='lat' dir='ltr'>penetrans,</span> 
     </span>
     <span class='ocr_line' id='line_1_9' title="bbox 265 886 1042 940; baseline 0 -14"><span class='ocrx_word' id='word_1_67' title='bbox 265 900 299 939; x_wconf 89' lang='lat' dir='ltr'>per</span> <span class='ocrx_word' id='word_1_68' title='bbox 309 886 452 927; x_wconf 84' lang='lat' dir='ltr'>Ocrcachanum</span> <span class='ocrx_word' id='word_1_69' title='bbox 461 900 529 940; x_wconf 82' lang='lat' dir='ltr'>agrum</span> <span class='ocrx_word' id='word_1_70' title='bbox 538 887 681 927; x_wconf 80' lang='lat' dir='ltr'>incursionibus</span> <span class='ocrx_word' id='word_1_71' title='bbox 691 886 755 940; x_wconf 74' lang='lat' dir='ltr'>longe,</span> <span class='ocrx_word' id='word_1_72' title='bbox 765 887 841 940; x_wconf 83' lang='lat' dir='ltr'>lateque</span> <span class='ocrx_word' id='word_1_73' title='bbox 855 888 911 928; x_wconf 81' lang='lat' dir='ltr'>factis</span> <span class='ocrx_word' id='word_1_74' title='bbox 920 888 942 928; x_wconf 89' lang='lat' dir='ltr'>in</span> <span class='ocrx_word' id='word_1_75' title='bbox 951 887 1042 928; x_wconf 86' lang='lat' dir='ltr'>Bearram</span> 
     </span>
     <span class='ocr_line' id='line_1_10' title="bbox 264 941 502 995; baseline 0.004 -15"><span class='ocrx_word' id='word_1_76' title='bbox 264 955 353 994; x_wconf 84' lang='lat' dir='ltr'>magnam</span> <span class='ocrx_word' id='word_1_77' title='bbox 363 941 448 995; x_wconf 83' lang='lat' dir='ltr'>praedam</span> <span class='ocrx_word' id='word_1_78' title='bbox 457 942 502 995; x_wconf 77' lang='lat' dir='ltr'>agit.</span> 
     </span>
    </p>

    <p class='ocr_par' dir='ltr' id='par_1_3' title="bbox 262 996 1106 1489">
     <span class='ocr_line' id='line_1_11' title="bbox 292 996 1106 1051; baseline 0.001 -16"><span class='ocrx_word' id='word_1_79' title='bbox 292 996 340 1036; x_wconf 87' lang='lat' dir='ltr'>Post</span> <span class='ocrx_word' id='word_1_80' title='bbox 354 997 409 1050; x_wconf 83' lang='lat' dir='ltr'>cujus</span> <span class='ocrx_word' id='word_1_81' title='bbox 425 996 509 1037; x_wconf 84' lang='lat' dir='ltr'>reditum</span> <span class='ocrx_word' id='word_1_82' title='bbox 524 997 573 1050; x_wconf 80' lang='lat' dir='ltr'>regii</span> <span class='ocrx_word' id='word_1_83' title='bbox 588 997 695 1050; x_wconf 91' lang='lat' dir='ltr'>Pontirupe</span> <span class='ocrx_word' id='word_1_84' title='bbox 712 996 864 1036; x_wconf 87' lang='lat' dir='ltr'>Muchroumum</span> <span class='ocrx_word' id='word_1_85' title='bbox 880 997 962 1050; x_wconf 84' lang='lat' dir='ltr'>profecti</span> <span class='ocrx_word' id='word_1_86' title='bbox 978 1010 1041 1038; x_wconf 85' lang='lat' dir='ltr'>arcem</span> <span class='ocrx_word' id='word_1_87' title='bbox 1103 1044 1106 1051; x_wconf 35' lang='grc' dir='ltr'><em>ι</em></span> 
     </span>
     <span class='ocr_line' id='line_1_12' title="bbox 264 1049 1041 1105; baseline 0.001 -15"><span class='ocrx_word' id='word_1_88' title='bbox 264 1049 360 1091; x_wconf 79' lang='lat' dir='ltr'>obsident.</span> <span class='ocrx_word' id='word_1_89' title='bbox 389 1051 490 1101; x_wconf 83' lang='lat' dir='ltr'>AEdificiis,</span> <span class='ocrx_word' id='word_1_90' title='bbox 501 1066 545 1105; x_wconf 88' lang='lat' dir='ltr'>quae</span> <span class='ocrx_word' id='word_1_91' title='bbox 564 1052 664 1093; x_wconf 84' lang='lat' dir='ltr'>castellum</span> <span class='ocrx_word' id='word_1_92' title='bbox 679 1051 835 1101; x_wconf 75' lang='lat' dir='ltr'>circumstabant,</span> <span class='ocrx_word' id='word_1_93' title='bbox 849 1051 962 1104; x_wconf 86' lang='lat' dir='ltr'>praesidiarii</span> <span class='ocrx_word' id='word_1_94' title='bbox 975 1052 1041 1105; x_wconf 79' lang='lat' dir='ltr'>ignem</span> 
     </span>
     <span class='ocr_line' id='line_1_13' title="bbox 263 1105 1041 1161; baseline 0.001 -16"><span class='ocrx_word' id='word_1_95' title='bbox 263 1105 362 1158; x_wconf 81' lang='lat' dir='ltr'>ingerunt,</span> <span class='ocrx_word' id='word_1_96' title='bbox 371 1120 396 1146; x_wconf 91' lang='lat' dir='ltr'>ne</span> <span class='ocrx_word' id='word_1_97' title='bbox 406 1120 430 1148; x_wconf 79' lang='lat' dir='ltr'>ex</span> <span class='ocrx_word' id='word_1_98' title='bbox 442 1106 480 1146; x_wconf 89' lang='lat' dir='ltr'>illis</span> <span class='ocrx_word' id='word_1_99' title='bbox 488 1107 528 1159; x_wconf 87' lang='lat' dir='ltr'>ipsi</span> <span class='ocrx_word' id='word_1_100' title='bbox 541 1107 616 1147; x_wconf 80' lang='lat' dir='ltr'>facilius</span> <span class='ocrx_word' id='word_1_101' title='bbox 626 1110 770 1161; x_wconf 84' lang='lat' dir='ltr'>oppugnentur.</span> <span class='ocrx_word' id='word_1_102' title='bbox 799 1106 831 1146; x_wconf 78' lang='lat' dir='ltr'>Ex</span> <span class='ocrx_word' id='word_1_103' title='bbox 840 1106 924 1147; x_wconf 86' lang='lat' dir='ltr'>aedificiis</span> <span class='ocrx_word' id='word_1_104' title='bbox 933 1107 961 1146; x_wconf 87' lang='lat' dir='ltr'>ita</span> <span class='ocrx_word' id='word_1_105' title='bbox 969 1107 990 1146; x_wconf 90' lang='lat' dir='ltr'>in</span> <span class='ocrx_word' id='word_1_106' title='bbox 1000 1120 1041 1147; x_wconf 90' lang='lat' dir='ltr'>cas-</span> 
     </span>
     <span class='ocr_line' id='line_1_14' title="bbox 263 1161 1041 1214; baseline 0.001 -14"><span class='ocrx_word' id='word_1_107' title='bbox 263 1161 331 1201; x_wconf 91' lang='lat' dir='ltr'>tellum</span> <span class='ocrx_word' id='word_1_108' title='bbox 341 1161 452 1202; x_wconf 85' lang='lat' dir='ltr'>incendium</span> <span class='ocrx_word' id='word_1_109' title='bbox 461 1162 556 1211; x_wconf 79' lang='lat' dir='ltr'>funditur,</span> <span class='ocrx_word' id='word_1_110' title='bbox 566 1166 590 1202; x_wconf 90' lang='lat' dir='ltr'>ut</span> <span class='ocrx_word' id='word_1_111' title='bbox 603 1162 639 1202; x_wconf 87' lang='lat' dir='ltr'>ulli</span> <span class='ocrx_word' id='word_1_112' title='bbox 654 1162 708 1202; x_wconf 86' lang='lat' dir='ltr'>nullo</span> <span class='ocrx_word' id='word_1_113' title='bbox 725 1161 783 1201; x_wconf 90' lang='lat' dir='ltr'>modo</span> <span class='ocrx_word' id='word_1_114' title='bbox 793 1162 891 1214; x_wconf 88' lang='lat' dir='ltr'>potuerint</span> <span class='ocrx_word' id='word_1_115' title='bbox 901 1175 984 1202; x_wconf 88' lang='lat' dir='ltr'>occurre.</span> <span class='ocrx_word' id='word_1_116' title='bbox 1014 1161 1041 1202; x_wconf 88' lang='lat' dir='ltr'>In</span> 
     </span>
     <span class='ocr_line' id='line_1_15' title="bbox 262 1215 1040 1270; baseline 0 -15"><span class='ocrx_word' id='word_1_117' title='bbox 262 1215 305 1269; x_wconf 90' lang='lat' dir='ltr'>ipso</span> <span class='ocrx_word' id='word_1_118' title='bbox 316 1216 393 1257; x_wconf 85' lang='lat' dir='ltr'>castello</span> <span class='ocrx_word' id='word_1_119' title='bbox 403 1217 482 1270; x_wconf 84' lang='lat' dir='ltr'>triginta</span> <span class='ocrx_word' id='word_1_120' title='bbox 498 1217 575 1266; x_wconf 88' lang='lat' dir='ltr'>milites,</span> <span class='ocrx_word' id='word_1_121' title='bbox 587 1218 619 1270; x_wconf 89' lang='lat' dir='ltr'>qui</span> <span class='ocrx_word' id='word_1_122' title='bbox 635 1217 685 1257; x_wconf 87' lang='lat' dir='ltr'>illud</span> <span class='ocrx_word' id='word_1_123' title='bbox 697 1215 817 1266; x_wconf 87' lang='lat' dir='ltr'>obtinebant,</span> <span class='ocrx_word' id='word_1_124' title='bbox 828 1217 925 1257; x_wconf 71' lang='lat' dir='ltr'>allamma</span> <span class='ocrx_word' id='word_1_125' title='bbox 935 1216 1040 1256; x_wconf 76' lang='lat' dir='ltr'>adferrem</span> 
     </span>
     <span class='ocr_line' id='line_1_16' title="bbox 264 1270 1040 1325; baseline -0.001 -14"><span class='ocrx_word' id='word_1_126' title='bbox 264 1271 437 1324; x_wconf 84' lang='lat' dir='ltr'>(quemadmodum</span> <span class='ocrx_word' id='word_1_127' title='bbox 446 1273 467 1312; x_wconf 89' lang='lat' dir='ltr'>in</span> <span class='ocrx_word' id='word_1_128' title='bbox 475 1271 533 1312; x_wconf 88' lang='lat' dir='ltr'>rebus</span> <span class='ocrx_word' id='word_1_129' title='bbox 543 1272 627 1314; x_wconf 83' lang='lat' dir='ltr'>adversis</span> <span class='ocrx_word' id='word_1_130' title='bbox 636 1273 678 1312; x_wconf 82' lang='lat' dir='ltr'>fleri</span> <span class='ocrx_word' id='word_1_131' title='bbox 694 1271 749 1321; x_wconf 82' lang='lat' dir='ltr'>solet)</span> <span class='ocrx_word' id='word_1_132' title='bbox 763 1272 884 1325; x_wconf 80' lang='lat' dir='ltr'>confugiunt,</span> <span class='ocrx_word' id='word_1_133' title='bbox 895 1275 915 1312; x_wconf 86' lang='lat' dir='ltr'>et</span> <span class='ocrx_word' id='word_1_134' title='bbox 923 1285 957 1325; x_wconf 88' lang='lat' dir='ltr'>per</span> <span class='ocrx_word' id='word_1_135' title='bbox 966 1270 1040 1311; x_wconf 86' lang='lat' dir='ltr'>medios</span> 
     </span>
     <span class='ocr_line' id='line_1_17' title="bbox 264 1325 1042 1380; baseline 0 -14"><span class='ocrx_word' id='word_1_136' title='bbox 264 1330 323 1378; x_wconf 86' lang='lat' dir='ltr'>atque</span> <span class='ocrx_word' id='word_1_137' title='bbox 332 1326 482 1367; x_wconf 85' lang='lat' dir='ltr'>confertissimos</span> <span class='ocrx_word' id='word_1_138' title='bbox 491 1328 557 1368; x_wconf 84' lang='lat' dir='ltr'>hostes</span> <span class='ocrx_word' id='word_1_139' title='bbox 572 1333 700 1380; x_wconf 85' lang='lat' dir='ltr'>erumpentes,</span> <span class='ocrx_word' id='word_1_140' title='bbox 711 1326 760 1366; x_wconf 87' lang='lat' dir='ltr'>fumi</span> <span class='ocrx_word' id='word_1_141' title='bbox 769 1325 860 1376; x_wconf 86' lang='lat' dir='ltr'>nubibus,</span> <span class='ocrx_word' id='word_1_142' title='bbox 870 1340 948 1367; x_wconf 89' lang='lat' dir='ltr'>crurum</span> <span class='ocrx_word' id='word_1_143' title='bbox 957 1325 1042 1380; x_wconf 87' lang='lat' dir='ltr'>pernici-</span> 
     </span>
     <span class='ocr_line' id='line_1_18' title="bbox 262 1381 1038 1437; baseline 0 -17"><span class='ocrx_word' id='word_1_144' title='bbox 262 1384 309 1430; x_wconf 85' lang='lat' dir='ltr'>tate,</span> <span class='ocrx_word' id='word_1_145' title='bbox 318 1381 462 1435; x_wconf 86' lang='lat' dir='ltr'>propinquitate</span> <span class='ocrx_word' id='word_1_146' title='bbox 480 1382 545 1437; x_wconf 80' lang='lat' dir='ltr'>sylvae,</span> <span class='ocrx_word' id='word_1_147' title='bbox 565 1397 600 1423; x_wconf 91' lang='lat' dir='ltr'>sua</span> <span class='ocrx_word' id='word_1_148' title='bbox 618 1383 697 1431; x_wconf 86' lang='lat' dir='ltr'>virtute,</span> <span class='ocrx_word' id='word_1_149' title='bbox 716 1395 740 1421; x_wconf 85' lang='lat' dir='ltr'>ne</span> <span class='ocrx_word' id='word_1_150' title='bbox 760 1382 839 1422; x_wconf 85' lang='lat' dir='ltr'>vulnere</span> <span class='ocrx_word' id='word_1_151' title='bbox 857 1381 936 1435; x_wconf 90' lang='lat' dir='ltr'>quidem</span> <span class='ocrx_word' id='word_1_152' title='bbox 954 1384 1038 1434; x_wconf 82' lang='lat' dir='ltr'>accepto,</span> 
     </span>
     <span class='ocr_line' id='line_1_19' title="bbox 262 1436 596 1489; baseline 0.006 -13"><span class='ocrx_word' id='word_1_153' title='bbox 262 1436 368 1477; x_wconf 86' lang='lat' dir='ltr'>incolumes</span> <span class='ocrx_word' id='word_1_154' title='bbox 377 1437 466 1478; x_wconf 84' lang='lat' dir='ltr'>loeliciter</span> <span class='ocrx_word' id='word_1_155' title='bbox 475 1440 596 1489; x_wconf 65' lang='lat' dir='ltr'>evaseruntrss</span> 
     </span>
    </p>
   </div>
   <div class='ocr_carea' id='block_1_3' title="bbox 532 1643 700 1716">
    <p class='ocr_par' dir='ltr' id='par_1_4' title="bbox 532 1643 700 1716">
     <span class='ocr_line' id='line_1_20' title="bbox 532 1643 700 1716; baseline 0 -2"><span class='ocrx_word' id='word_1_156' title='bbox 532 1643 535 1649; x_wconf 54' lang='lat'>‘</span> <span class='ocrx_word' id='word_1_157' title='bbox 601 1674 659 1716; x_wconf 80' lang='grc'>011.</span> <span class='ocrx_word' id='word_1_158' title='bbox 674 1674 700 1714; x_wconf 81' lang='lat' dir='ltr'>r.</span> 
     </span>
    </p>
   </div>
   <div class='ocr_carea' id='block_1_4' title="bbox 196 1789 1038 1896">
    <p class='ocr_par' dir='ltr' id='par_1_5' title="bbox 196 1789 1038 1896">
     <span class='ocr_line' id='line_1_21' title="bbox 261 1789 1038 1878; baseline 0.003 -53"><span class='ocrx_word' id='word_1_159' title='bbox 261 1791 345 1828; x_wconf 86' lang='lat' dir='ltr'>Muscriae</span> <span class='ocrx_word' id='word_1_160' title='bbox 361 1790 445 1836; x_wconf 85' lang='lat' dir='ltr'>principis</span> <span class='ocrx_word' id='word_1_161' title='bbox 463 1789 539 1824; x_wconf 86' lang='lat' dir='ltr'>difficilis</span> <span class='ocrx_word' id='word_1_162' title='bbox 555 1790 605 1834; x_wconf 84' lang='lat' dir='ltr'>fuga,</span> <span class='ocrx_word' id='word_1_163' title='bbox 622 1790 749 1878; x_wconf 44' lang='lat' dir='ltr'>Oss&#39;Spllpffvanus</span> <span class='ocrx_word' id='word_1_164' title='bbox 765 1791 851 1824; x_wconf 83' lang='lat' dir='ltr'>munitam</span> <span class='ocrx_word' id='word_1_165' title='bbox 868 1803 927 1825; x_wconf 72' lang='lat' dir='ltr'>arcem</span> <span class='ocrx_word' id='word_1_166' title='bbox 943 1798 1038 1838; x_wconf 79' lang='lat' dir='ltr'>expugnat,</span> 
     </span>
     <span class='ocr_line' id='line_1_22' title="bbox 196 1846 682 1896; baseline 0.004 -30"><span class='ocrx_word' id='word_1_167' title='bbox 196 1851 253 1896; x_wconf 40' lang='lat'><strong>[136¹]</strong></span> <span class='ocrx_word' id='word_1_168' title='bbox 620 1846 629 1867; x_wconf 82' lang='lat' dir='ltr'>e</span> <span class='ocrx_word' id='word_1_169' title='bbox 646 1846 682 1868; x_wconf 86' lang='lat' dir='ltr'>aia</span> 
     </span>
    </p>
   </div>
   <div class='ocr_carea' id='block_1_5' title="bbox 259 1934 1038 2431">
    <p class='ocr_par' dir='ltr' id='par_1_6' title="bbox 259 1934 1038 2431">
     <span class='ocr_line' id='line_1_23' title="bbox 262 1934 1038 1993; baseline 0.001 -13"><span class='ocrx_word' id='word_1_170' title='bbox 262 1940 303 1980; x_wconf 75' lang='lat' dir='ltr'>Suu</span> <span class='ocrx_word' id='word_1_171' title='bbox 313 1939 351 1979; x_wconf 90' lang='grc'>1100</span> <span class='ocrx_word' id='word_1_172' title='bbox 360 1941 437 1990; x_wconf 83' lang='lat' dir='ltr'>ternpus</span> <span class='ocrx_word' id='word_1_173' title='bbox 446 1935 559 1989; x_wconf 84' lang='lat' dir='ltr'>Dionysius,</span> <span class='ocrx_word' id='word_1_174' title='bbox 570 1938 590 1975; x_wconf 91' lang='lat' dir='ltr'>et</span> <span class='ocrx_word' id='word_1_175' title='bbox 599 1934 710 1975; x_wconf 73' lang='lat' dir='ltr'>Florentius</span> <span class='ocrx_word' id='word_1_176' title='bbox 716 1935 761 1975; x_wconf 84' lang='lat' dir='ltr'>Mac</span> <span class='ocrx_word' id='word_1_177' title='bbox 769 1934 847 1977; x_wconf 79' lang='lat' dir='ltr'>Carrhae</span> <span class='ocrx_word' id='word_1_178' title='bbox 852 1936 920 1977; x_wconf 83' lang='lat' dir='ltr'>fratres</span> <span class='ocrx_word' id='word_1_179' title='bbox 929 1938 953 1978; x_wconf 88' lang='lat' dir='ltr'>ad</span> <span class='ocrx_word' id='word_1_180' title='bbox 963 1939 1038 1993; x_wconf 78' lang='lat' dir='ltr'>Anglos</span> 
     </span>
     <span class='ocr_line' id='line_1_24' title="bbox 261 1990 1038 2043; baseline -0.001 -8"><span class='ocrx_word' id='word_1_181' title='bbox 261 1994 285 2034; x_wconf 89' lang='lat' dir='ltr'>ab</span> <span class='ocrx_word' id='word_1_182' title='bbox 296 1992 425 2034; x_wconf 82' lang='lat' dir='ltr'>O&#39;Sullevanc</span> <span class='ocrx_word' id='word_1_183' title='bbox 435 1991 479 2031; x_wconf 86' lang='lat' dir='ltr'>odie</span> <span class='ocrx_word' id='word_1_184' title='bbox 487 1990 586 2043; x_wconf 64' lang='lat' dir='ltr'>vertuntb</span> <span class='ocrx_word' id='word_1_185' title='bbox 615 1990 648 2030; x_wconf 85' lang='lat' dir='ltr'>Ad</span> <span class='ocrx_word' id='word_1_186' title='bbox 655 1990 738 2031; x_wconf 86' lang='lat' dir='ltr'>eundern</span> <span class='ocrx_word' id='word_1_187' title='bbox 745 1990 825 2031; x_wconf 77' lang='lat' dir='ltr'>Thadaei</span> <span class='ocrx_word' id='word_1_188' title='bbox 834 1991 879 2032; x_wconf 85' lang='lat' dir='ltr'>Mac</span> <span class='ocrx_word' id='word_1_189' title='bbox 888 1992 965 2033; x_wconf 86' lang='lat' dir='ltr'>Oarrhae</span> <span class='ocrx_word' id='word_1_190' title='bbox 974 1994 1008 2035; x_wconf 87' lang='lat' dir='ltr'>filii</span> <span class='ocrx_word' id='word_1_191' title='bbox 1018 2009 1038 2034; x_wconf 89' lang='lat' dir='ltr'>se</span> 
     </span>
     <span class='ocr_line' id='line_1_25' title="bbox 261 2045 1037 2100; baseline -0.001 -10"><span class='ocrx_word' id='word_1_192' title='bbox 261 2049 370 2098; x_wconf 75' lang='lat' dir='ltr'>conferunt,</span> <span class='ocrx_word' id='word_1_193' title='bbox 380 2045 414 2087; x_wconf 88' lang='lat' dir='ltr'>sed</span> <span class='ocrx_word' id='word_1_194' title='bbox 424 2046 445 2086; x_wconf 90' lang='grc'>111</span> <span class='ocrx_word' id='word_1_195' title='bbox 455 2045 543 2099; x_wconf 86' lang='lat' dir='ltr'>Hispana</span> <span class='ocrx_word' id='word_1_196' title='bbox 551 2045 634 2099; x_wconf 86' lang='lat' dir='ltr'>pecunia</span> <span class='ocrx_word' id='word_1_197' title='bbox 643 2049 725 2099; x_wconf 88' lang='lat' dir='ltr'>recepta,</span> <span class='ocrx_word' id='word_1_198' title='bbox 735 2059 802 2086; x_wconf 88' lang='lat' dir='ltr'>rursus</span> <span class='ocrx_word' id='word_1_199' title='bbox 812 2046 837 2087; x_wconf 86' lang='lat' dir='ltr'>ad</span> <span class='ocrx_word' id='word_1_200' title='bbox 846 2047 921 2100; x_wconf 79' lang='lat' dir='ltr'>Anglus</span> <span class='ocrx_word' id='word_1_201' title='bbox 930 2052 1037 2099; x_wconf 76' lang='lat' dir='ltr'>transeunt,</span> 
     </span>
     <span class='ocr_line' id='line_1_26' title="bbox 261 2100 1037 2155; baseline 0 -10"><span class='ocrx_word' id='word_1_202' title='bbox 261 2103 400 2145; x_wconf 85' lang='lat' dir='ltr'>denunciantes</span> <span class='ocrx_word' id='word_1_203' title='bbox 410 2100 500 2142; x_wconf 85' lang='lat' dir='ltr'>Oarolum</span> <span class='ocrx_word' id='word_1_204' title='bbox 516 2100 562 2141; x_wconf 85' lang='lat' dir='ltr'>Mac</span> <span class='ocrx_word' id='word_1_205' title='bbox 572 2100 664 2141; x_wconf 87' lang='lat' dir='ltr'>Oarrbam</span> <span class='ocrx_word' id='word_1_206' title='bbox 672 2100 764 2141; x_wconf 87' lang='lat' dir='ltr'>Muscriae</span> <span class='ocrx_word' id='word_1_207' title='bbox 779 2101 885 2155; x_wconf 83' lang='lat' dir='ltr'>principem</span> <span class='ocrx_word' id='word_1_208' title='bbox 896 2116 940 2142; x_wconf 89' lang='lat' dir='ltr'>cum</span> <span class='ocrx_word' id='word_1_209' title='bbox 950 2103 1037 2145; x_wconf 61' lang='grc'>01111110-</span> 
     </span>
     <span class='ocr_line' id='line_1_27' title="bbox 260 2155 1037 2210; baseline 0 -10"><span class='ocrx_word' id='word_1_210' title='bbox 260 2173 312 2200; x_wconf 80' lang='lat' dir='ltr'>rano</span> <span class='ocrx_word' id='word_1_211' title='bbox 323 2158 377 2207; x_wconf 85' lang='lat' dir='ltr'>clam,</span> <span class='ocrx_word' id='word_1_212' title='bbox 388 2160 408 2196; x_wconf 90' lang='lat' dir='ltr'>et</span> <span class='ocrx_word' id='word_1_213' title='bbox 416 2170 451 2210; x_wconf 92' lang='lat' dir='ltr'>per</span> <span class='ocrx_word' id='word_1_214' title='bbox 460 2156 592 2196; x_wconf 83' lang='lat' dir='ltr'>internuncios</span> <span class='ocrx_word' id='word_1_215' title='bbox 606 2155 715 2204; x_wconf 85' lang='lat' dir='ltr'>amicitiam,</span> <span class='ocrx_word' id='word_1_216' title='bbox 726 2159 745 2195; x_wconf 84' lang='lat' dir='ltr'>et</span> <span class='ocrx_word' id='word_1_217' title='bbox 754 2156 816 2196; x_wconf 82' lang='lat' dir='ltr'>faedus</span> <span class='ocrx_word' id='word_1_218' title='bbox 830 2157 884 2197; x_wconf 88' lang='lat' dir='ltr'>inire.</span> <span class='ocrx_word' id='word_1_219' title='bbox 913 2157 1037 2200; x_wconf 73' lang='grc'>011110000-</span> 
     </span>
     <span class='ocr_line' id='line_1_28' title="bbox 260 2210 1036 2265; baseline -0.005 -10"><span class='ocrx_word' id='word_1_220' title='bbox 260 2214 314 2255; x_wconf 91' lang='lat' dir='ltr'>rolus</span> <span class='ocrx_word' id='word_1_221' title='bbox 324 2212 425 2254; x_wconf 87' lang='lat' dir='ltr'>Ooreachae</span> <span class='ocrx_word' id='word_1_222' title='bbox 439 2211 538 2264; x_wconf 79' lang='lat' dir='ltr'>conjectus</span> <span class='ocrx_word' id='word_1_223' title='bbox 547 2211 569 2250; x_wconf 89' lang='lat' dir='ltr'>in</span> <span class='ocrx_word' id='word_1_224' title='bbox 578 2210 656 2250; x_wconf 84' lang='lat' dir='ltr'>vincula</span> <span class='ocrx_word' id='word_1_225' title='bbox 665 2210 689 2251; x_wconf 91' lang='lat' dir='ltr'>de</span> <span class='ocrx_word' id='word_1_226' title='bbox 698 2211 760 2264; x_wconf 89' lang='lat' dir='ltr'>capite</span> <span class='ocrx_word' id='word_1_227' title='bbox 769 2211 893 2265; x_wconf 86' lang='lat' dir='ltr'>periclitatur.</span> <span class='ocrx_word' id='word_1_228' title='bbox 898 2213 906 2264; x_wconf 71' lang='grc'>11</span> <span class='ocrx_word' id='word_1_229' title='bbox 937 2212 981 2257; x_wconf 75' lang='lat' dir='ltr'>Quo</span> <span class='ocrx_word' id='word_1_230' title='bbox 992 2229 1036 2255; x_wconf 84' lang='lat' dir='ltr'>cum</span> 
     </span>
     <span class='ocr_line' id='line_1_29' title="bbox 260 2265 1037 2323; baseline 0 -13"><span class='ocrx_word' id='word_1_231' title='bbox 260 2268 346 2323; x_wconf 89' lang='lat' dir='ltr'>periculo</span> <span class='ocrx_word' id='word_1_232' title='bbox 356 2267 457 2320; x_wconf 78' lang='lat' dir='ltr'>Eugenius</span> <span class='ocrx_word' id='word_1_233' title='bbox 467 2266 513 2306; x_wconf 85' lang='lat' dir='ltr'>Mac</span> <span class='ocrx_word' id='word_1_234' title='bbox 523 2265 617 2305; x_wconf 81' lang='lat' dir='ltr'>Suionius</span> <span class='ocrx_word' id='word_1_235' title='bbox 626 2268 682 2305; x_wconf 84' lang='lat' dir='ltr'>aetate</span> <span class='ocrx_word' id='word_1_236' title='bbox 692 2265 808 2314; x_wconf 88' lang='lat' dir='ltr'>adolescens,</span> <span class='ocrx_word' id='word_1_237' title='bbox 819 2266 852 2306; x_wconf 90' lang='lat' dir='ltr'>sed</span> <span class='ocrx_word' id='word_1_238' title='bbox 861 2267 925 2308; x_wconf 89' lang='lat' dir='ltr'>animo</span> <span class='ocrx_word' id='word_1_239' title='bbox 934 2268 1037 2323; x_wconf 85' lang='lat' dir='ltr'>plusquam</span> 
     </span>
     <span class='ocr_line' id='line_1_30' title="bbox 259 2320 1037 2375; baseline 0 -10"><span class='ocrx_word' id='word_1_240' title='bbox 259 2324 317 2373; x_wconf 84' lang='lat' dir='ltr'>virili,</span> <span class='ocrx_word' id='word_1_241' title='bbox 328 2327 347 2364; x_wconf 91' lang='lat' dir='ltr'>et</span> <span class='ocrx_word' id='word_1_242' title='bbox 357 2322 389 2363; x_wconf 86' lang='lat' dir='ltr'>alii</span> <span class='ocrx_word' id='word_1_243' title='bbox 398 2336 432 2362; x_wconf 80' lang='lat' dir='ltr'>sex</span> <span class='ocrx_word' id='word_1_244' title='bbox 441 2320 544 2362; x_wconf 83' lang='lat' dir='ltr'>familiares</span> <span class='ocrx_word' id='word_1_245' title='bbox 559 2320 623 2360; x_wconf 85' lang='lat' dir='ltr'>animo</span> <span class='ocrx_word' id='word_1_246' title='bbox 640 2323 729 2361; x_wconf 87' lang='lat' dir='ltr'>statuunt</span> <span class='ocrx_word' id='word_1_247' title='bbox 738 2320 825 2369; x_wconf 84' lang='lat' dir='ltr'>liberare,</span> <span class='ocrx_word' id='word_1_248' title='bbox 837 2334 856 2361; x_wconf 87' lang='lat' dir='ltr'>se</span> <span class='ocrx_word' id='word_1_249' title='bbox 864 2335 899 2375; x_wconf 88' lang='lat' dir='ltr'>pro</span> <span class='ocrx_word' id='word_1_250' title='bbox 910 2323 988 2365; x_wconf 89' lang='lat' dir='ltr'>domino</span> <span class='ocrx_word' id='word_1_251' title='bbox 998 2325 1037 2365; x_wconf 89' lang='lat' dir='ltr'>dis-</span> 
     </span>
     <span class='ocr_line' id='line_1_31' title="bbox 260 2374 1036 2431; baseline 0 -10"><span class='ocrx_word' id='word_1_252' title='bbox 260 2379 336 2421; x_wconf 85' lang='lat' dir='ltr'>crimini</span> <span class='ocrx_word' id='word_1_253' title='bbox 353 2377 434 2431; x_wconf 84' lang='lat' dir='ltr'>cbjicere</span> <span class='ocrx_word' id='word_1_254' title='bbox 449 2390 489 2417; x_wconf 87' lang='lat' dir='ltr'>non</span> <span class='ocrx_word' id='word_1_255' title='bbox 504 2374 617 2416; x_wconf 87' lang='lat' dir='ltr'>abnuentes.</span> <span class='ocrx_word' id='word_1_256' title='bbox 652 2374 753 2429; x_wconf 77' lang='lat' dir='ltr'>Eugenius</span> <span class='ocrx_word' id='word_1_257' title='bbox 770 2374 835 2416; x_wconf 83' lang='lat' dir='ltr'>Caroli</span> <span class='ocrx_word' id='word_1_258' title='bbox 850 2376 960 2419; x_wconf 86' lang='lat' dir='ltr'>cubiculum</span> <span class='ocrx_word' id='word_1_259' title='bbox 976 2384 1036 2421; x_wconf 88' lang='lat' dir='ltr'>noctu</span> 
     </span>
    </p>
   </div>
   <div class='ocr_carea' id='block_1_6' title="bbox 259 2512 1040 3013">
    <p class='ocr_par' dir='ltr' id='par_1_7' title="bbox 259 2512 1040 2742">
     <span class='ocr_line' id='line_1_32' title="bbox 283 2512 1036 2563; baseline -0.003 -11"><span class='ocrx_word' id='word_1_260' title='bbox 283 2512 397 2552; x_wconf 59' lang='lat' dir='ltr'>“Macroom</span> <span class='ocrx_word' id='word_1_261' title='bbox 405 2526 440 2549; x_wconf 90' lang='lat' dir='ltr'>was</span> <span class='ocrx_word' id='word_1_262' title='bbox 454 2515 484 2548; x_wconf 92' lang='lat' dir='ltr'>the</span> <span class='ocrx_word' id='word_1_263' title='bbox 497 2518 582 2559; x_wconf 84' lang='lat' dir='ltr'>property</span> <span class='ocrx_word' id='word_1_264' title='bbox 597 2512 618 2546; x_wconf 89' lang='grc'>01</span> <span class='ocrx_word' id='word_1_265' title='bbox 627 2513 704 2547; x_wconf 72' lang='grc'>(10111100</span> <span class='ocrx_word' id='word_1_266' title='bbox 713 2512 754 2546; x_wconf 87' lang='lat' dir='ltr'>Mac</span> <span class='ocrx_word' id='word_1_267' title='bbox 763 2512 837 2557; x_wconf 81' lang='lat' dir='ltr'>Oarthy,</span> <span class='ocrx_word' id='word_1_268' title='bbox 845 2514 895 2548; x_wconf 85' lang='lat' dir='ltr'>Lord</span> <span class='ocrx_word' id='word_1_269' title='bbox 904 2516 925 2549; x_wconf 84' lang='lat' dir='ltr'>of</span> <span class='ocrx_word' id='word_1_270' title='bbox 935 2516 1036 2563; x_wconf 75' lang='lat' dir='ltr'>Muslrerry,</span> 
     </span>
     <span class='ocr_line' id='line_1_33' title="bbox 259 2556 1036 2604; baseline -0.009 -5"><span class='ocrx_word' id='word_1_271' title='bbox 259 2566 299 2599; x_wconf 86' lang='lat' dir='ltr'>who</span> <span class='ocrx_word' id='word_1_272' title='bbox 307 2564 343 2597; x_wconf 87' lang='lat' dir='ltr'>had</span> <span class='ocrx_word' id='word_1_273' title='bbox 351 2562 395 2595; x_wconf 86' lang='lat' dir='ltr'>been</span> <span class='ocrx_word' id='word_1_274' title='bbox 403 2572 414 2594; x_wconf 87' lang='lat' dir='ltr'>a</span> <span class='ocrx_word' id='word_1_275' title='bbox 421 2560 469 2604; x_wconf 82' lang='lat' dir='ltr'>loyal</span> <span class='ocrx_word' id='word_1_276' title='bbox 477 2560 545 2603; x_wconf 78' lang='lat' dir='ltr'>subject</span> <span class='ocrx_word' id='word_1_277' title='bbox 553 2558 599 2591; x_wconf 84' lang='lat' dir='ltr'>until</span> <span class='ocrx_word' id='word_1_278' title='bbox 610 2558 641 2591; x_wconf 90' lang='lat' dir='ltr'>the</span> <span class='ocrx_word' id='word_1_279' title='bbox 649 2568 727 2590; x_wconf 81' lang='lat' dir='ltr'>summer</span> <span class='ocrx_word' id='word_1_280' title='bbox 734 2556 755 2589; x_wconf 82' lang='grc'>01</span> <span class='ocrx_word' id='word_1_281' title='bbox 766 2559 817 2597; x_wconf 79' lang='grc'>1602,</span> <span class='ocrx_word' id='word_1_282' title='bbox 826 2559 875 2593; x_wconf 85' lang='lat' dir='ltr'>when</span> <span class='ocrx_word' id='word_1_283' title='bbox 882 2560 905 2594; x_wconf 92' lang='lat' dir='ltr'>he</span> <span class='ocrx_word' id='word_1_284' title='bbox 913 2572 948 2595; x_wconf 77' lang='lat' dir='ltr'>was</span> <span class='ocrx_word' id='word_1_285' title='bbox 956 2563 1036 2596; x_wconf 76' lang='lat' dir='ltr'>arrested</span> 
     </span>
     <span class='ocr_line' id='line_1_34' title="bbox 260 2601 1037 2652; baseline -0.008 -8"><span class='ocrx_word' id='word_1_286' title='bbox 260 2610 375 2651; x_wconf 80' lang='lat' dir='ltr'>onacharge</span> <span class='ocrx_word' id='word_1_287' title='bbox 388 2606 408 2639; x_wconf 86' lang='grc'>01</span> <span class='ocrx_word' id='word_1_288' title='bbox 418 2604 519 2650; x_wconf 84' lang='lat' dir='ltr'>conspiring</span> <span class='ocrx_word' id='word_1_289' title='bbox 532 2604 576 2637; x_wconf 86' lang='lat' dir='ltr'>with</span> <span class='ocrx_word' id='word_1_290' title='bbox 588 2602 656 2636; x_wconf 80' lang='lat' dir='ltr'>Father</span> <span class='ocrx_word' id='word_1_291' title='bbox 672 2602 728 2636; x_wconf 87' lang='lat' dir='ltr'>Owen</span> <span class='ocrx_word' id='word_1_292' title='bbox 742 2601 845 2648; x_wconf 77' lang='lat' dir='ltr'>MecEgan</span> <span class='ocrx_word' id='word_1_293' title='bbox 859 2609 877 2638; x_wconf 85' lang='lat' dir='ltr'>to</span> <span class='ocrx_word' id='word_1_294' title='bbox 889 2606 941 2639; x_wconf 85' lang='lat' dir='ltr'>assist</span> <span class='ocrx_word' id='word_1_295' title='bbox 953 2606 982 2639; x_wconf 87' lang='lat' dir='ltr'>the</span> <span class='ocrx_word' id='word_1_296' title='bbox 994 2608 1037 2652; x_wconf 77' lang='lat' dir='ltr'>Spa.</span> 
     </span>
     <span class='ocr_line' id='line_1_35' title="bbox 259 2646 1040 2695; baseline -0.008 -6"><span class='ocrx_word' id='word_1_297' title='bbox 259 2654 326 2689; x_wconf 83' lang='lat' dir='ltr'>niards¹</span> <span class='ocrx_word' id='word_1_298' title='bbox 352 2652 428 2686; x_wconf 85' lang='lat' dir='ltr'>Ocrmac</span> <span class='ocrx_word' id='word_1_299' title='bbox 436 2650 451 2683; x_wconf 91' lang='lat' dir='ltr'>is</span> <span class='ocrx_word' id='word_1_300' title='bbox 459 2650 490 2682; x_wconf 89' lang='lat' dir='ltr'>the</span> <span class='ocrx_word' id='word_1_301' title='bbox 498 2660 545 2683; x_wconf 85' lang='lat' dir='ltr'>sanie</span> <span class='ocrx_word' id='word_1_302' title='bbox 553 2660 572 2682; x_wconf 83' lang='lat' dir='ltr'>as</span> <span class='ocrx_word' id='word_1_303' title='bbox 580 2648 611 2681; x_wconf 85' lang='lat' dir='ltr'>the</span> <span class='ocrx_word' id='word_1_304' title='bbox 619 2647 694 2681; x_wconf 82' lang='lat' dir='ltr'>Oliarles</span> <span class='ocrx_word' id='word_1_305' title='bbox 703 2646 724 2680; x_wconf 82' lang='lat' dir='ltr'>cf</span> <span class='ocrx_word' id='word_1_306' title='bbox 732 2657 765 2679; x_wconf 88' lang='lat' dir='ltr'>our</span> <span class='ocrx_word' id='word_1_307' title='bbox 772 2648 842 2682; x_wconf 84' lang='lat' dir='ltr'>author.</span> <span class='ocrx_word' id='word_1_308' title='bbox 866 2650 904 2684; x_wconf 85' lang='lat' dir='ltr'>For</span> <span class='ocrx_word' id='word_1_309' title='bbox 918 2651 948 2684; x_wconf 86' lang='lat' dir='ltr'>the</span> <span class='ocrx_word' id='word_1_310' title='bbox 959 2651 1006 2695; x_wconf 81' lang='lat' dir='ltr'>siege</span> <span class='ocrx_word' id='word_1_311' title='bbox 1018 2653 1040 2686; x_wconf 81' lang='lat' dir='ltr'>of</span> 
     </span>
     <span class='ocr_line' id='line_1_36' title="bbox 260 2690 893 2742; baseline -0.013 -8"><span class='ocrx_word' id='word_1_312' title='bbox 260 2701 360 2736; x_wconf 83' lang='lat' dir='ltr'>Macrocm,</span> <span class='ocrx_word' id='word_1_313' title='bbox 368 2696 390 2742; x_wconf 84' lang='lat' dir='ltr'>by</span> <span class='ocrx_word' id='word_1_314' title='bbox 398 2696 429 2729; x_wconf 91' lang='lat' dir='ltr'>the</span> <span class='ocrx_word' id='word_1_315' title='bbox 437 2694 519 2739; x_wconf 80' lang='lat' dir='ltr'>English,</span> <span class='ocrx_word' id='word_1_316' title='bbox 527 2705 556 2727; x_wconf 89' lang='lat' dir='ltr'>see</span> <span class='ocrx_word' id='word_1_317' title='bbox 564 2693 630 2727; x_wconf 84' lang='lat' dir='ltr'>Pacata</span> <span class='ocrx_word' id='word_1_318' title='bbox 638 2690 732 2730; x_wconf 83' lang='lat' dir='ltr'>Hibernia,</span> <span class='ocrx_word' id='word_1_319' title='bbox 741 2691 758 2724; x_wconf 88' lang='lat' dir='ltr'>ii.</span> <span class='ocrx_word' id='word_1_320' title='bbox 765 2703 795 2736; x_wconf 89' lang='lat' dir='ltr'>pp.</span> <span class='ocrx_word' id='word_1_321' title='bbox 805 2696 845 2733; x_wconf 78' lang='lat'>602,</span> <span class='ocrx_word' id='word_1_322' title='bbox 854 2697 893 2728; x_wconf 82' lang='lat'>634.</span> 
     </span>
    </p>

    <p class='ocr_par' dir='ltr' id='par_1_8' title="bbox 260 2736 1038 2877">
     <span class='ocr_line' id='line_1_37' title="bbox 284 2736 1036 2786; baseline -0.021 -8"><span class='ocrx_word' id='word_1_323' title='bbox 284 2741 384 2786; x_wconf 70' lang='lat' dir='ltr'>tcerraig</span> <span class='ocrx_word' id='word_1_324' title='bbox 396 2752 419 2774; x_wconf 84' lang='lat' dir='ltr'>an</span> <span class='ocrx_word' id='word_1_325' title='bbox 432 2739 511 2780; x_wconf 83' lang='lat' dir='ltr'>drohaid,</span> <span class='ocrx_word' id='word_1_326' title='bbox 526 2750 549 2772; x_wconf 84' lang='lat' dir='ltr'>on</span> <span class='ocrx_word' id='word_1_327' title='bbox 562 2739 593 2772; x_wconf 83' lang='lat' dir='ltr'>the</span> <span class='ocrx_word' id='word_1_328' title='bbox 608 2739 649 2776; x_wconf 88' lang='lat' dir='ltr'>Lee,</span> <span class='ocrx_word' id='word_1_329' title='bbox 664 2736 718 2769; x_wconf 84' lang='lat' dir='ltr'>about</span> <span class='ocrx_word' id='word_1_330' title='bbox 732 2736 773 2769; x_wconf 82' lang='lat' dir='ltr'>four</span> <span class='ocrx_word' id='word_1_331' title='bbox 785 2738 835 2773; x_wconf 71' lang='lat' dir='ltr'>miles</span> <span class='ocrx_word' id='word_1_332' title='bbox 851 2744 888 2773; x_wconf 61' lang='lat' dir='ltr'>east</span> <span class='ocrx_word' id='word_1_333' title='bbox 901 2740 923 2773; x_wconf 68' lang='lat' dir='ltr'>of</span> <span class='ocrx_word' id='word_1_334' title='bbox 937 2740 1036 2776; x_wconf 57' lang='lat' dir='ltr'>Mamm¹</span> 
     </span>
     <span class='ocr_line' id='line_1_38' title="bbox 260 2780 1038 2829; baseline -0.015 -5"><span class='ocrx_word' id='word_1_335' title='bbox 260 2791 320 2824; x_wconf 84' lang='lat' dir='ltr'>There</span> <span class='ocrx_word' id='word_1_336' title='bbox 328 2789 343 2821; x_wconf 89' lang='lat' dir='ltr'>is</span> <span class='ocrx_word' id='word_1_337' title='bbox 352 2798 374 2820; x_wconf 86' lang='grc'>011</span> <span class='ocrx_word' id='word_1_338' title='bbox 383 2789 458 2820; x_wconf 86' lang='lat' dir='ltr'>account</span> <span class='ocrx_word' id='word_1_339' title='bbox 466 2784 487 2818; x_wconf 88' lang='grc'>01</span> <span class='ocrx_word' id='word_1_340' title='bbox 495 2795 518 2817; x_wconf 85' lang='lat' dir='ltr'>an</span> <span class='ocrx_word' id='word_1_341' title='bbox 526 2786 643 2828; x_wconf 79' lang='lat' dir='ltr'>engagement</span> <span class='ocrx_word' id='word_1_342' title='bbox 656 2780 676 2814; x_wconf 88' lang='grc'>01</span> <span class='ocrx_word' id='word_1_343' title='bbox 684 2781 753 2824; x_wconf 80' lang='lat' dir='ltr'>Begnal</span> <span class='ocrx_word' id='word_1_344' title='bbox 767 2782 809 2817; x_wconf 88' lang='lat' dir='ltr'>with</span> <span class='ocrx_word' id='word_1_345' title='bbox 819 2785 890 2829; x_wconf 73' lang='lat' dir='ltr'>Tyr-rell</span> <span class='ocrx_word' id='word_1_346' title='bbox 898 2785 917 2818; x_wconf 85' lang='lat' dir='ltr'>in</span> <span class='ocrx_word' id='word_1_347' title='bbox 925 2786 955 2818; x_wconf 71' lang='lat' dir='ltr'>the</span> <span class='ocrx_word' id='word_1_348' title='bbox 963 2792 1005 2820; x_wconf 65' lang='lat' dir='ltr'>west</span> <span class='ocrx_word' id='word_1_349' title='bbox 1017 2789 1038 2821; x_wconf 83' lang='lat' dir='ltr'>0f</span> 
     </span>
     <span class='ocr_line' id='line_1_39' title="bbox 260 2826 1002 2877; baseline -0.011 -9"><span class='ocrx_word' id='word_1_350' title='bbox 260 2834 362 2877; x_wconf 80' lang='lat' dir='ltr'>Muskerry,</span> <span class='ocrx_word' id='word_1_351' title='bbox 375 2832 430 2864; x_wconf 84' lang='lat' dir='ltr'>about</span> <span class='ocrx_word' id='word_1_352' title='bbox 437 2831 468 2863; x_wconf 86' lang='lat' dir='ltr'>the</span> <span class='ocrx_word' id='word_1_353' title='bbox 475 2829 508 2862; x_wconf 88' lang='lat' dir='ltr'>end</span> <span class='ocrx_word' id='word_1_354' title='bbox 516 2829 537 2862; x_wconf 84' lang='lat' dir='ltr'>of</span> <span class='ocrx_word' id='word_1_355' title='bbox 548 2829 633 2868; x_wconf 81' lang='lat' dir='ltr'>October,</span> <span class='ocrx_word' id='word_1_356' title='bbox 644 2826 786 2861; x_wconf 72' lang='lat' dir='ltr'>rena-Pacata</span> <span class='ocrx_word' id='word_1_357' title='bbox 794 2828 886 2869; x_wconf 86' lang='lat' dir='ltr'>Hibernia,</span> <span class='ocrx_word' id='word_1_358' title='bbox 894 2830 912 2863; x_wconf 89' lang='lat' dir='ltr'>ii.</span> <span class='ocrx_word' id='word_1_359' title='bbox 923 2841 939 2874; x_wconf 81' lang='lat' dir='ltr'>p.</span> <span class='ocrx_word' id='word_1_360' title='bbox 948 2833 987 2865; x_wconf 78' lang='lat'>642.</span> <span class='ocrx_word' id='word_1_361' title='bbox 1001 2829 1002 2832; x_wconf 76' lang='grc'>’</span> 
     </span>
    </p>

    <p class='ocr_par' dir='ltr' id='par_1_9' title="bbox 283 2871 1010 2922">
     <span class='ocr_line' id='line_1_40' title="bbox 283 2871 1010 2922; baseline -0.008 -11"><span class='ocrx_word' id='word_1_362' title='bbox 283 2881 293 2921; x_wconf 75' lang='lat' dir='ltr'>ss</span> <span class='ocrx_word' id='word_1_363' title='bbox 306 2877 398 2922; x_wconf 85' lang='lat' dir='ltr'>Oaptured</span> <span class='ocrx_word' id='word_1_364' title='bbox 406 2876 460 2909; x_wconf 86' lang='lat' dir='ltr'>about</span> <span class='ocrx_word' id='word_1_365' title='bbox 466 2874 496 2908; x_wconf 86' lang='lat' dir='ltr'>the</span> <span class='ocrx_word' id='word_1_366' title='bbox 506 2877 533 2908; x_wconf 88' lang='lat' dir='ltr'>lst</span> <span class='ocrx_word' id='word_1_367' title='bbox 541 2873 562 2907; x_wconf 86' lang='grc'>01</span> <span class='ocrx_word' id='word_1_368' title='bbox 569 2873 655 2913; x_wconf 82' lang='lat' dir='ltr'>October,</span> <span class='ocrx_word' id='word_1_369' title='bbox 666 2871 808 2907; x_wconf 59' lang='lat' dir='ltr'>wilh-Pacata</span> <span class='ocrx_word' id='word_1_370' title='bbox 817 2874 909 2915; x_wconf 81' lang='lat' dir='ltr'>Hibernia,</span> <span class='ocrx_word' id='word_1_371' title='bbox 918 2876 936 2909; x_wconf 81' lang='lat' dir='ltr'>ii.</span> <span class='ocrx_word' id='word_1_372' title='bbox 945 2888 962 2921; x_wconf 81' lang='lat' dir='ltr'>p.</span> <span class='ocrx_word' id='word_1_373' title='bbox 971 2878 1010 2912; x_wconf 82' lang='lat'>635,</span> 
     </span>
    </p>

    <p class='ocr_par' dir='ltr' id='par_1_10' title="bbox 283 2916 713 2965">
     <span class='ocr_line' id='line_1_41' title="bbox 283 2916 713 2965; baseline -0.023 -8"><span class='ocrx_word' id='word_1_374' title='bbox 283 2925 292 2965; x_wconf 83' lang='lat'>§</span> <span class='ocrx_word' id='word_1_375' title='bbox 305 2924 367 2957; x_wconf 76' lang='lat' dir='ltr'>About</span> <span class='ocrx_word' id='word_1_376' title='bbox 375 2920 514 2965; x_wconf 61' lang='lat' dir='ltr'>Hip-Pacata</span> <span class='ocrx_word' id='word_1_377' title='bbox 522 2918 616 2957; x_wconf 87' lang='lat' dir='ltr'>Hibernia,</span> <span class='ocrx_word' id='word_1_378' title='bbox 621 2916 638 2949; x_wconf 88' lang='lat' dir='ltr'>ii.</span> <span class='ocrx_word' id='word_1_379' title='bbox 647 2928 664 2959; x_wconf 90' lang='lat' dir='ltr'>p.</span> <span class='ocrx_word' id='word_1_380' title='bbox 672 2918 713 2948; x_wconf 84' lang='grc'><strong>584,</strong></span> 
     </span>
    </p>

    <p class='ocr_par' dir='ltr' id='par_1_11' title="bbox 284 2963 645 3013">
     <span class='ocr_line' id='line_1_42' title="bbox 284 2963 645 3013; baseline -0.025 -11"><span class='ocrx_word' id='word_1_381' title='bbox 284 2971 290 3013; x_wconf 67' lang='lat' dir='ltr'>t]</span> <span class='ocrx_word' id='word_1_382' title='bbox 304 2968 372 3002; x_wconf 81' lang='lat' dir='ltr'>Pacata</span> <span class='ocrx_word' id='word_1_383' title='bbox 380 2965 473 3005; x_wconf 88' lang='lat' dir='ltr'>Hibernia,</span> <span class='ocrx_word' id='word_1_384' title='bbox 482 2965 499 2998; x_wconf 89' lang='lat' dir='ltr'>ii.</span> <span class='ocrx_word' id='word_1_385' title='bbox 509 2975 538 3008; x_wconf 87' lang='lat' dir='ltr'>pp.</span> <span class='ocrx_word' id='word_1_386' title='bbox 548 2963 645 3008; x_wconf 55' lang='lat' dir='ltr'>⁵9⁸³i6⁰⁰s</span> 
     </span>
    </p>
   </div>
   <div class='ocr_carea' id='block_1_7' title="bbox 0 0 1124 3535">
    <p class='ocr_par' dir='ltr' id='par_1_12' title="bbox 0 0 1124 3535">
     <span class='ocr_line' id='line_1_43' title="bbox 0 0 1124 3535; baseline 0 2"><span class='ocrx_word' id='word_1_387' title='bbox 0 0 1124 3535; x_wconf 95' lang='lat' dir='ltr'> </span> 
     </span>
    </p>
   </div>
  </div>
 </body>
</html>
