2237 3535
142 414 186 441 515.
196 399 236 452 un]
358 413 394 442 sua
406 414 504 451 5555555,
520 413 617 441 5551555
632 413 657 439 55
672 412 745 439 unuln.
889 398 913 437 91

140 510 224 551 creditur
243 509 319 550 difficile
338 511 419 553 videtur.
451 511 501 553 cnm
520 514 578 552 nocte
597 508 679 550 obscura
698 511 718 548 et
736 508 873 562 tempestuosa,
893 511 928 555 in,

139 565 211 606 humile
229 565 330 618 tugurium
349 581 369 607 se
387 583 399 608 a
417 571 530 621 tempestate
546 565 656 619 recepisset,
676 577 736 616 equus
755 563 800 604 verb
819 564 914 605 noluisset

139 620 250 674 depressum
259 621 332 673 tugurii
341 622 412 663 ostium
426 622 506 677 ingredi,
521 625 566 661 tum
579 620 717 674 pedissequum
731 617 754 659 ab
767 618 863 659 O'Brieue
871 620 913 674 jus-

138 690 182 715 sum
191 676 231 717 haec
241 674 299 716 verba
309 689 357 730 equo
373 678 397 719 ad
411 692 477 719 aurern
493 677 565 718 dixisse
580 674 685 715 “O’Brien
701 672 791 714 <lominus
807 677 859 723 tuus,
878 676 912 728 qui

136 730 173 771 hac
182 734 238 771 nocte
247 731 269 770 in
277 733 356 785 tugurio
366 733 477 782 diversatur,
486 731 542 787 jubet
551 734 575 771 ut
584 734 606 770 tu
617 741 695 783 quoque
709 741 770 782 equus
785 743 831 770 suus
841 730 910 783 capite,

136 789 156 826 et
175 786 231 826 dorso
250 786 338 837 demisso,
358 792 377 828 et
394 789 487 829 inclinato
502 786 604 840 tugurium
622 785 722 833 introeas;
737 797 821 838 moxque
838 797 911 838 equum

135 840 287 894 obtemperasse:
303 842 383 897 cumque
392 844 445 884 idem
454 857 515 896 equus
525 840 642 893 5555155551
651 839 752 887 renuisset,
763 841 835 894 quippe
845 841 910 881 tritico

134 896 257 946 assuefactus,
267 897 402 952 pedissequum
415 899 456 939 haec
466 898 524 938 verba
534 897 569 937 -1111
585 895 680 944 retulisse,
697 893 802 936 “O’Brien
819 894 909 936 dominus

133 956 180 991 tuus
189 951 225 992 1555
234 956 291 992 nocte
301 967 414 994 avenaceum
424 968 493 1007 panem
503 952 593 1001 comedit,
602 952 685 1005 imperat
695 956 718 991 51
727 953 749 990 15
760 962 837 1004 quoquc
847 952 909 991 avent

133 1007 220 1056 vescaris,
236 1011 255 1047 et
270 1006 321 1049 illico
337 1023 408 1062 equrun
423 1008 528 1057 obediisse3
545 1021 584 1061 qua
597 1007 618 1047 in
627 1021 648 1047 re
658 1020 694 1059 ego
704 1004 783 1059 quidem
792 1004 873 1045 minime
882 1007 908 1047 ad

132 1076 163 1102 mc
172 1062 242 1116 recipio
257 1063 362 1116 periculum
373 1064 420 1104 veri.
449 1063 534 1103 O'Brien
543 1062 654 1103 Momonias
667 1060 718 1115 pene
731 1063 782 1101 totas
797 1062 907 1115 peragravit

130 1132 142 1158 a
151 1117 265 1171 primoribus
275 1119 354 1159 comiter
363 1119 441 1172 quidem
450 1121 469 1157 et
478 1117 561 1170 benigne
571 1121 662 1170 exceptus
676 1116 710 1156 sed
719 1130 730 1156 a
739 1116 817 1157 nemine
827 1116 905 1170 adjutus

130 1173 154 1213 ad
165 1172 218 1213 sedes
236 1174 381 1226 recuperandas.
419 1173 469 1213 Inde
488 1172 540 1212 adita
559 1172 672 1212 0555551111
690 1172 739 1224 petit
755 1170 863 1221 Ultoniam,
878 1172 904 1212 ad

129 1227 260 1269 O’Donellum
269 1229 362 1281 pervenit.
392 1227 512 1267 O'Donellus
528 1231 569 1266 erat
586 1227 607 1266 51
616 1230 731 1279 tempestate
744 1225 857 1275 Calvaclrus,
868 1229 903 1280 qui

126 1287 202 1336 patrem
210 1282 278 1323 habuit
288 1282 384 1336 Magnum
394 1281 530 1329 O'Donellum,
540 1281 667 1320 Tirconnellae
676 1281 782 1333 principem
791 1286 811 1322 et
821 1286 902 1322 matrem

127 1338 204 1378 O’tteth
213 1338 277 1386 filiam,
288 1339 404 1388 fratremque
411 1340 459 1375 5515
468 1336 569 1384 minorem,
580 1335 686 1387 Hugonem
693 1335 780 1387 genitum
790 1336 814 1376 ab
820 1336 901 1377 O'Nelli

125 1393 171 1442 fitia,
188 1392 335 1446 patiebaturque
355 1390 482 1431 Tirconnellae
498 1390 614 1443 principatu,
632 1389 720 1442 adempto
735 1391 785 1441 patri
800 1392 848 1440 seni,
868 1392 900 1432 cui

124 1452 190 1488 tamen
208 1448 282 1487 rictum
298 1445 350 1486 15515
369 1444 516 1499 suppeditabat:
532 1449 551 1485 et
566 1459 610 1484 cum
624 1444 638 1484 J
639 1445 714 1485 ohanne
730 1444 815 1485 O'Nello
824 1446 900 1486 1155555

124 1503 217 1556 principe,
227 1501 272 1541 cum
281 1501 350 1540 finium
365 1500 502 1553 regundorum,
521 1503 564 1540 tum
579 1504 664 1539 veterum
682 1499 827 1541 inimicitiarum
842 1502 900 1541 55555

120 1557 235 1597 intestinum
245 1555 317 1595 bellum
327 1555 412 1609 gerebat.
441 1554 490 1595 Hac
499 1555 544 1595 verb
560 1555 654 1605 discordia
668 1569 702 1608 pcr
717 1554 833 1596 O'Brienem
847 1570 899 1596 com-

120 1612 206 1665 ponitur,
217 1614 236 1651 et
246 1610 270 1651 ab
281 1609 371 1660 O'Nello,
382 1610 529 1663 O'Donelloque
537 1610 588 1650 51155
598 1614 617 1650 51
627 1610 675 1650 51155
685 1609 732 1650 fides
742 1610 805 1659 datur,
816 1611 863 1651 dum
873 1621 897 1651 55

121 1666 236 1715 (russeus,
253 1665 338 1706 O'Brien
355 1666 376 1705 in
393 1680 438 1706 suas
454 1666 585 1719 possessiones
594 1666 713 1705 restituatur.
744 1665 898 1707 Ooeteumcum

121 1722 241 1762 O'Donellus
257 1734 279 1760 ea
295 1725 355 1774 parat,
372 1735 416 1774 quae
431 1721 470 1761 sint
486 1721 511 1760 ad
527 1720 669 1774 expeditionem
683 1720 735 1760 illam
749 1721 861 1771 necessaria,
872 1722 896 1761 ab

120 1777 168 1817 O’N
169 1776 205 1817 5115
212 1775 315 1829 improviso
323 1776 465 1816 circumventus
471 1776 544 1829 rapitur
553 1776 575 1816 in
584 1775 661 1816 vincula
670 1790 705 1815 nec
715 1775 816 1816 O’Brienis
826 1780 897 1829 rogatu

120 1831 247 1873 dimittitur.1
275 1831 313 1871 Sed
332 1830 428 1871 O'Nellus
448 1830 540 1871 O’B1ieni
556 1831 611 1871 offert
630 1835 653 1871 ut
671 1831 713 1884 ipse
731 1830 787 1871 illum
799 1831 895 1872 restituat.

119 1887 206 1928 O’Brien
215 1889 279 1939 negat,
290 1901 310 1926 55
319 1886 465 1939 permissurum,
475 1890 498 1926 ut
508 1885 532 1926 ab
542 1886 627 1926 O'Nello
643 1887 756 1926 restituatur
765 1887 804 1926 5151
814 1886 894 1927 O'Don-

118 1943 167 1983 ellus
177 1941 290 1982 dimittatur.
318 1941 432 1981 1155515515
441 1955 461 1980 55
471 1940 556 1981 O'Brien
562 1941 677 1981 Mauritium
686 1941 747 1981 111555
757 1942 840 1982 nothum
849 1957 895 1982 cum

117 1999 177 2052 parret
186 1996 270 2037 militum
278 2010 337 2036 manu
347 2010 404 2048 quam
417 1996 459 2049 ipse
475 1996 543 2049 coegit,
555 1996 577 2036 in
592 1997 706 2036 Tornoniam
722 1996 843 2049 praemittit.†
872 1997 894 2037 Is

117 2056 199 2106 occupat
209 2055 265 2104 atque
275 2052 338 2091 munit
353 2050 453 2091 castellum
466 2065 527 2091 unum
544 2055 564 2090 et
573 2051 657 2092 insulam
666 2052 687 2091 15
696 2051 739 2091 lacu
749 2051 812 2092 sitam.
842 2051 893 2092 Con-

116 2108 182 2149 festim
192 2106 275 2147 O'Brien
285 2109 362 2146 secutus
371 2119 461 2159 maguam
468 2111 542 2158 partem
549 2106 614 2146 amissi
622 2106 741 2160 principatus
751 2107 891 2159 recuperavit,‡

117 2168 136 2203 51
146 2162 232 2203 redditus
240 2162 263 2201 15
272 2161 380 2214 Anglorum
388 2161 469 2213 gratiam
475 2161 514 2201 icto
521 2175 565 2200 aum
573 2160 662 2201 Cornelio
672 2161 741 2201 faedere
756 2161 823 2202 obiens
833 2161 891 2211 diem,

115 2218 205 2258 Terentio
215 2217 254 2257 filio
264 2216 362 2270 reliquitb
392 2215 492 2256 Cornelius
507 2216 574 2269 paucis
592 2216 637 2256 inde
652 2215 753 2269 pratentis
768 2217 892 2268 5551515515

115 2272 245 2314 controversia
254 2286 299 2311 cum
308 2272 365 2325 regiis
375 2271 400 2312 ad
409 2270 476 2311 Clariae
485 2275 565 2324 pontem
578 2285 665 2324 pugnam
679 2271 787 2320 committit,
797 2273 891 2325 utrinque

113 2327 193 2369 minime
206 2328 338 2376 incruentam,
354 2326 386 2366 1115
404 2325 513 2375 nonnullos,
534 2339 583 2379 quos
602 2327 669 2379 magni
678 2326 765 2375 faciebat,
781 2326 889 2368 desiderat:

136 2442 190 2475 *The
198 2439 271 2484 capture
280 2439 387 2485 oanlvagh
395 2440 418 2484 by
428 2439 485 2473 Shane
495 2440 576 2480 O'Neill,
589 2442 675 2475 recorded
690 2442 731 2474 14111
744 2441 793 2486 May,
805 2444 856 2484 1559,
863 2444 887 2487 by

111 2489 142 2522 the
151 2488 198 2521 Four
206 2487 291 2523 Marias,
299 2485 332 2518 but
339 2497 362 2518 55
371 2485 446 2518 allusion
453 2489 472 2518 to
481 2485 567 2519 O'Brien.

134 2531 231 2576 ffialvagh
239 2541 275 2563 was
283 2530 371 2564 liberated
378 2529 428 2563 AD.
438 2532 486 2563 1561.
506 2531 585 2564 Dcnnell
594 2531 673 2565 O'Brien
682 2531 712 2565 did
719 2536 750 2564 not
759 2532 810 2565 make
818 2532 845 2565 his
854 2544 885 2577 ap-

111 2588 197 2622 pearance
203 2577 222 2610 iu
231 2576 331 2617 Thomond,
340 2575 386 2608 after
394 2576 422 2608 1515
429 2576 473 2608 exile
480 2576 498 2608 in
506 2576 573 2617 Ulster,
581 2577 627 2610 until
638 2578 760 2610 raca—Fora
767 2577 851 2610 araneas.

134 2621 253 2665 ssContinued
267 2621 335 2653 warin
350 2620 446 2653 Thomond
460 2620 538 2654 between
554 2621 585 2654 the
602 2622 714 2655 O'Briensin
732 2623 780 2656 1563.
808 2623 883 2657 151564

110 2667 189 2701 Dcnnell
201 2666 285 2700 obtained
297 2666 326 2699 the
339 2666 427 2711 territory
440 2665 460 2698 51
472 2666 579 2699 (1555551555
592 2667 635 2699 with
648 2667 671 2699 its
682 2666 771 2710 tributary
783 2667 835 2701 lands
848 2670 884 2702 and

109 2712 178 2745 church
189 2712 257 2756 brings,
282 2711 416 2752 (O'Donoran's
430 2711 479 2745 Four
493 2714 575 2751 11551555,
583 2722 599 2755 p.
612 2714 671 2754 lana)
684 2723 703 2744 as
712 2714 846 2755 compensation
854 2714 883 2748 for

108 2757 140 2790 the
148 2757 227 2800 lordship
236 2756 257 2789 of
264 2755 364 2788 Thomond.

131 2802 185 2843 §Not
192 2802 238 2835 until
249 2799 297 2842 1519,
305 2801 323 2834 15
331 2800 361 2834 the
374 2801 418 2834 65th
432 2813 474 2846 year
487 2801 507 2834 of
518 2801 545 2835 his
554 2801 667 2845 age—Fam·
675 2805 756 2836 Masters.
780 2803 852 2837 “After
861 2816 883 2838 an

107 2848 197 2889 approved
208 2846 332 2890 repentance.'¹

131 2892 137 2932 ll
152 2892 207 2935 Eight
215 2902 265 2935 years
273 2891 340 2931 before,
349 2891 379 2924 ie.
389 2890 439 2927 1570.
464 2891 513 2925 Foru·
522 2892 605 2933 blusters,
618 2891 658 2925 5155
667 2903 719 2936 agane
728 2893 771 2927 reith
780 2894 882 2929 O’Sullivan

105 2933 123 3010 ll]
129 2936 189 3012 Ipther
204 2936 311 3017 Passticubm
323 2936 426 2981 respecting
441 2936 471 2969 the
486 2937 538 2981 tigne
554 2937 588 2970 and
603 2941 667 2970 return
684 2937 704 2970 of
716 2937 746 2972 the
762 2938 808 2973 Earl
822 2939 881 2973 115555·

124 2979 128 2990 ’
147 2979 190 3019 rien,
198 2984 220 3015 A.
240 2983 274 3014 ,15
290 2981 334 3017 1-12.
