2237 3535
89 373 133 400 oar.
144 357 187 409 rin]
307 371 337 398 nu
349 373 440 401 iniuria
456 373 504 400 sire.
515 373 539 400 rr
553 372 642 400 urruns.
835 360 860 407 {tl

88 470 155 521 agunt,
172 467 258 520 mihique
273 469 400 521 gratulantur,
416 469 533 510 affirmantes
553 484 583 509 me
600 467 705 521 praeteritis
722 467 806 520 peccatis
822 482 863 507 esse

88 525 199 576 purgatum,
210 526 297 575 oportere
306 538 350 564 vero
360 526 424 566 futura
434 539 512 565 cavere:
528 529 547 564 et
556 524 580 564 ad
591 536 660 576 specus
674 522 745 562 ostium
755 536 863 576 properare,

89 578 146 618 veni:
163 581 182 617 et
191 577 219 617 ibi
228 578 285 618 iidem
295 592 326 619 me
334 580 440 633 praestolati
450 580 507 620 faeliei
522 579 597 619 itineris
614 578 652 617 rnei
662 581 732 618 eventu
739 576 783 618 Deo
793 577 864 631 gratias

91 631 144 685 quod
153 631 207 681 hora,
218 645 256 686 qua
265 634 366 687 praefeetus
381 635 468 676 ooencbio
488 635 538 674 fores
555 632 677 687 patefaceret,
688 631 862 695 appropinquabat.

90 687 130 728 Hic
140 699 218 741 quoque
227 690 373 730 meum'socium
383 690 470 740 conveni,
480 693 500 730 et
509 688 575 729 ambos
588 687 674 741 religiosi
683 702 744 728 erucis
754 702 811 741 signo
820 702 863 727 mu-

90 743 148 791 nitos
163 746 183 782 et
197 742 305 796 impertitos
322 745 404 798 plurima
420 744 482 786 salute
498 744 607 784 dimittunt.
636 742 704 783 Sooius
719 746 784 783 autem
800 742 863 783 noctis

90 796 195 847 laboribus,
206 801 263 851 atque
273 800 388 841 cruciatibus
403 801 431 842 ita
444 806 546 853 quassatus
560 804 579 840 et
588 798 651 848 lassus
662 802 708 846 erat,
719 802 742 838 ut
750 797 813 838 redire
822 811 863 837 non

89 852 181 906 potuerit,
196 853 234 893 uisi
243 869 254 894 a
263 868 293 895 me
309 854 419 896 sublevatus
436 861 456 895 et
471 855 555 909 adjutus.
584 853 635 894 Cum
649 852 751 907 paululum
766 853 864 906 progressi

89 908 198 957 fuissemus,
207 908 247 961 jam
256 922 318 962 neque
328 910 406 960 exitum,
417 923 480 964 neque
488 911 538 951 viam
548 909 607 950 ullam
617 907 768 962 reperiebamus.
798 907 863 952 Quare

89 962 212 1003 vehementer
227 964 309 1005 exterriti
319 969 339 1005 et
348 966 399 1006 anxii
408 965 451 1006 fixis
461 964 502 1005 solo
516 964 598 1019 genibus
612 964 720 1005 Dominum
735 976 788 1003 orare
805 963 863 1016 ecepi-

91 1032 139 1067 mus,
149 1021 173 1057 ut
187 1019 348 1071 quemadmodum
357 1021 379 1060 in
394 1020 496 1074 praeteritis
508 1020 605 1074 perieulis
620 1033 656 1059 nos
666 1020 698 1072 pie
707 1018 796 1067 servavit,
807 1018 834 1058 ita
844 1022 864 1058 et

91 1073 128 1113 illis
138 1074 233 1125 angustiis
243 1075 330 1129 eriperet.
357 1075 410 1128 Ergo
420 1074 510 1129 precibus
519 1079 623 1128 occupatos
633 1078 653 1114 et
662 1074 721 1128 longa
735 1073 808 1127 vigilia,
823 1087 864 1113 ere-

91 1128 169 1180 brisque
179 1128 288 1176 daemonum
302 1130 431 1180 conflictibus,
441 1142 489 1182 quos
499 1130 578 1169 memini
592 1129 691 1182 fatigatos,
705 1129 755 1170 altus
766 1143 824 1182 sopor
833 1132 864 1169 est

90 1183 195 1237 amplexus.
226 1184 270 1229 Quo
279 1188 346 1239 postea
355 1186 427 1225 fuimus
442 1185 526 1232 excitati,
542 1198 613 1237 magno
623 1184 703 1234 tonitru,
713 1185 788 1224 minore
797 1187 863 1224 tamen

89 1239 159 1292 priore,
169 1239 190 1279 in
200 1238 253 1280 illam
262 1239 343 1293 primam
353 1253 421 1292 specus
431 1238 576 1287 concavitatem,
592 1238 644 1277 unde
654 1243 709 1278 antea
726 1238 861 1288 cecideramus,

90 1293 155 1334 subito
162 1293 213 1343 elati,
222 1294 315 1347 juxtaque
322 1294 401 1346 januam
407 1293 486 1333 attoniti
494 1292 563 1332 relicti.
592 1292 674 1345 lamque
680 1294 737 1346 prior,
748 1293 862 1342 sacerdotes,

90 1353 110 1388 et
118 1348 188 1401 reliqui
198 1348 282 1397 aderant,
292 1352 370 1401 portam
380 1348 492 1400 aperientes,
508 1348 542 1400 qui
552 1361 587 1387 nos
597 1348 680 1386 maximo
696 1347 772 1401 gaudio,
783 1352 802 1387 et
812 1362 863 1388 surn-

89 1418 121 1444 ma
130 1403 259 1456 gratulatione
269 1402 352 1455 amplexi
361 1403 383 1442 in
392 1401 486 1456 ternplum
501 1402 536 1442 ubi
550 1401 594 1442 Deo
611 1402 682 1455 gratias
699 1403 780 1456 egimus,
795 1402 864 1442 redur-

89 1462 152 1498 erunt.
181 1457 232 1497 Inde
241 1457 346 1498 venerabili
359 1458 471 1498 monasterii
485 1457 581 1511 praefecto,
593 1461 612 1497 et
622 1457 664 1510 ejus
673 1457 767 1511 religiosis
778 1457 865 1497 salutatis

89 1527 123 1566 per
140 1512 233 1565 Angliam
249 1512 333 1554 Parisios
349 1513 400 1553 veni.
430 1512 480 1553 Haec
493 1512 531 1553 fnit
546 1526 588 1552 mea
602 1512 697 1565 profectio
710 1512 866 1554 inDiviPatriti

88 1567 230 1621 purgatorium.

415 1866 474 1908 CAP.
490 1867 531 1908 ΠΙ.

89 1967 180 2012 Philippus
188 1969 321 2003 translationem
329 1981 380 2004 suam
388 1983 466 2006 censure
475 1977 492 2005 et
505 1973 611 2007 correctioni
621 1974 689 2008 Sanctae
702 1973 766 2008 Matris
781 1972 865 2007 Ecclesioe

317 2020 335 2048 et
344 2015 405 2050 Saorae
413 2017 534 2061 Inquisitionis
542 2018 621 2063 subjicit.
818 2025 819 2028 ’

88 2112 140 2153 Hero
150 2126 187 2165 ego
196 2112 298 2167 Philippus
307 2112 454 2164 O’Sulleranus
465 2115 515 2156 sicut
529 2116 574 2167 dixi,
589 2117 686 2170 transtuli,
701 2120 721 2158 et
730 2119 802 2158 coetera
811 2130 822 2156 a
831 2130 862 2157 me

88 2168 139 2208 dicta
149 2172 169 2207 et
179 2167 264 2219 dicenda,
274 2181 344 2222 meque
353 2170 417 2223 ipsum
426 2184 512 2212 censurae
520 2172 599 2225 judicio,
610 2176 630 2212 et
640 2172 752 2213 correctioni
764 2173 773 2224 ll
786 2172 862 2213 Sanctae
869 2182 897 2224 [31
910 2183 919 2224 ]

88 2222 159 2263 Matris
175 2222 267 2265 Ecclesiae
284 2228 303 2264 et
321 2224 384 2266 Sacrae
398 2225 535 2279 inquisitionis
551 2227 639 2280 subjicio.
673 2227 722 2268 Haec
736 2227 863 2267 Vicecomitis

88 2278 169 2318 historia
179 2279 195 2318 si
210 2278 273 2333 aliqua
288 2279 309 2320 in
324 2284 379 2334 parte
394 2281 469 2322 creditu
486 2281 568 2323 difficilis
580 2282 674 2332 videatur,
692 2283 747 2323 adeat
764 2281 863 2322 studiosus

88 2333 180 2382 veritatis,
197 2333 270 2375 Divum
285 2334 402 2388 Dionysium
417 2337 572 2388 Carthasianurn,
589 2338 623 2391 qui
638 2338 659 2378 in
674 2352 729 2392 opere
739 2337 763 2377 de
774 2336 864 2380 Quatuor

88 2387 206 2428 Novissimis
216 2392 235 2429 et
245 2389 269 2429 de
282 2389 357 2443 judicio
372 2391 445 2441 animae,
462 2392 486 2432 de
495 2393 537 2433 aliis
547 2393 581 2447 qui
591 2408 615 2433 er
624 2393 661 2433 hoc
670 2392 782 2447 purgatorio
791 2391 863 2433 reversi

88 2447 135 2483 sunt
142 2442 213 2483 similes
224 2444 312 2485 historias
322 2446 381 2486 refert
390 2450 409 2487 et
418 2460 460 2487 rem
470 2447 512 2487 fuse
522 2452 600 2489 secutus
610 2449 734 2501 argumentis,
744 2451 803 2500 atque
813 2446 863 2487 diffi-

89 2497 194 2539 cultatibus
203 2499 312 2553 respondet.
341 2501 372 2541 Ac
381 2501 413 2541 ille
423 2506 442 2542 et
452 2501 485 2542 alii
494 2503 584 2544 authores
594 2503 650 2557 plura
659 2507 679 2544 et
688 2504 747 2544 multa
755 2503 864 2556 purgatorii

89 2553 218 2595 cruciamenta
227 2555 312 2597 tradunt.
343 2555 402 2601 Quod
411 2561 431 2598 et
440 2556 535 2610 Virgilius
545 2563 604 2600 oamt.

225 2658 268 2692 Nou
274 2658 324 2700 mihi,
332 2659 347 2692 si
354 2660 419 2705 linguae
427 2665 498 2694 centum
506 2660 546 2700 sint,
555 2672 621 2704 oraque
630 2666 708 2701 centum,

225 2703 293 2737 Ferrea
300 2715 341 2743 vox,
350 2716 409 2739 ornnes
417 2705 504 2739 scelerum
512 2706 639 2749 comprendere
646 2706 720 2747 formas,

228 2748 292 2783 Omnia
299 2760 390 2793 paenarum
397 2762 503 2796 percurrere
511 2751 581 2785 nomina
589 2761 664 2795 possem.
