2237 3535
263 382 275 418 2
521 391 617 419 arrsrom
631 392 775 421 nnnrcrronm.

260 488 333 542 inipso
343 488 436 541 regnandi
446 486 522 528 exordio
533 487 663 528 monarchiam
672 491 727 528 tuam
740 488 831 542 praeclare
841 501 938 542 capessere
951 486 1032 540 crepisti,

261 555 351 597 omnibus
357 555 455 596 catholicae
464 553 508 594 fidei
515 553 644 595 desertoribus
649 568 754 608 regnorum
760 560 839 597 tuorum
844 555 898 597 aditu
903 553 1031 595 interdicens:

261 625 319 676 atque
333 622 416 663 Batauos
431 624 451 662 et
460 621 508 662 alios
516 622 634 663 nefariorum
646 622 758 675 dogmatum
768 627 870 665 assertores
887 622 910 663 de
924 621 1033 663 Christiana

260 689 303 744 lege
312 689 361 730 male
370 689 475 729 sentientes
484 688 509 729 ad
518 688 647 730 obedientiam
655 689 746 730 Ecclesiae
754 689 838 732 debitam
848 691 904 732 armis
913 688 1033 731 reducendos

260 771 302 798 esse
311 760 397 798 statuens
406 759 430 797 ut
439 756 504 797 divina
512 757 575 797 nostri
590 756 696 797 Servatoris
705 756 752 797 fides
766 771 807 797 non
817 758 874 799 modo
883 759 905 799 in
914 758 952 799 dtis
960 757 1031 811 regnis,

260 839 303 879 quae
312 840 323 866 a
332 825 371 864 tuis
380 823 485 878 majoribus
494 824 531 865 tibi
539 824 610 865 tradita
620 828 671 874 sunt,
683 824 774 866 servanda
784 827 804 865 et
814 824 921 867 decoranda
932 826 1032 874 videatur3

259 895 292 935 sed
299 894 320 934 in
327 891 368 933 aiiis
374 892 432 933 etiam
439 891 555 945 regionibus,
562 893 583 932 in
590 891 661 945 quibus
668 892 770 945 impiorum
778 891 879 933 bominum
886 894 956 934 sceiere
962 892 1033 934 violata

257 961 345 1003 funditus
360 960 438 1009 corruit,
448 973 514 1000 rursus
525 974 581 1013 opera
591 964 611 1000 et
619 958 715 1000 industria
725 963 766 1009 tua,
775 959 934 1014 faebcissimisque
943 960 1032 1014 auspiciis

258 1032 326 1078 erecta,
335 1029 441 1068 restaurata
450 1029 469 1067 et
478 1025 503 1066 ad
515 1026 619 1080 pristinum
635 1026 756 1080 splendorem
771 1026 860 1067 restituta
874 1028 979 1081 jussuum,
991 1027 1032 1081 dig-

258 1097 376 1150 nitatemque
390 1094 445 1136 brevi
459 1098 593 1149 recuperatura
603 1099 696 1149 speretur.
726 1094 779 1139 Quas
789 1095 814 1135 ob
824 1109 889 1136 causes
902 1076 952 1137 bario
962 1095 1032 1136 Catho-

257 1163 300 1205 licae
309 1164 392 1205 iberniae
400 1163 506 1213 historiam,
521 1177 564 1218 qua
580 1162 701 1204 intenebris
716 1162 809 1204 hactenus
826 1163 908 1214 delituit,
919 1165 976 1217 regiae
992 1167 1032 1204 tuae

258 1235 362 1289 majestatis
371 1234 433 1276 tutela
442 1233 502 1276 fretus
511 1234 533 1275 in
541 1234 605 1275 iucem
615 1234 702 1275 emittere
711 1234 784 1288 putari.

534 1332 584 1374 Vale
593 1332 636 1374 Rex
645 1332 776 1374 invictissime

625 1433 773 1476 PHILIPPUS
788 1434 1001 1479 &susurramus
