2237 3535
207 363 247 402 118
361 364 802 416 0001100101010100100101101100,1011
818 379 841 406 11.
889 365 939 418 [run.
955 378 984 405 rv.

147 463 201 507 [104]

209 475 358 531 Burlrcrumqne
374 480 432 530 gente
448 475 520 515 multos
537 476 638 528 extinxitss
670 477 734 521 Quam
750 480 872 533 tyrannidem
888 478 984 530 fugientes

208 532 282 585 equites
298 532 360 572 Burki
369 531 408 571 duo
417 531 438 571 in
451 529 557 579 castellum,
575 531 626 584 quod
641 532 663 571 in
679 531 723 572 lacn
739 533 889 586 1001110110110011
900 547 942 574 cum
953 532 981 572 10-

187 584 189 586 *
209 586 263 627 milit
280 585 419 626 secesserunt.ll
447 585 477 626 Db
494 585 615 639 Binghamus
628 585 726 635 lintribus
742 592 799 640 etque
813 588 931 643 pontonibus
943 587 984 628 adit

209 640 306 693 manipulo
316 639 400 680 militum
410 641 499 693 stipatus.
528 641 554 682 In
563 641 647 683 insulam
662 655 707 682 oum
717 641 741 682 de
748 642 839 684 00110011
848 643 983 691 descendisset,

208 694 270 735 Bnrhi
286 694 364 735 castello
381 699 502 749 erumpentes
518 700 627 737 occurrunt.
657 695 749 737 Haeretici
762 699 817 750 terga
834 703 929 740 vertentes
939 712 982 752 pro-

208 752 275 802 perant
285 749 413 791 conscendere
422 753 524 804 pontones.
545 750 667 804 Urgentihus
674 751 746 792 Burkis
753 751 875 805 Binghamus
884 755 905 794 in
915 766 984 806 aquam

207 817 247 843 sese
262 806 385 858 precipitans
401 805 465 845 nando
481 805 513 845 vix
529 807 596 845 evasit.
630 806 706 846 11111001
722 807 794 847 saevitit
810 806 891 848 barbara
905 811 983 848 coactus

206 857 311 912 Dargusius
321 859 415 900 O'Kealla
423 860 445 900 in
454 859 511 900 silvas
521 859 643 901 densissimas
653 875 673 901 se
683 875 728 902 cum
741 862 808 915 paucis
824 861 903 903 abdidit.
933 862 984 902 Inde

207 927 309 967 erumpens
325 914 401 967 Anglos
417 928 467 968 saepe
483 914 566 968 impetit,
582 915 605 956 ab
623 915 696 957 eisdem
712 930 788 969 quoque
807 916 856 971 saepe
875 917 982 970 impetitus.

206 968 266 1009 Illum
276 969 359 1022 denique
367 969 483 1023 impunitate
493 970 587 1010 donatum
594 969 715 1024 Binghamus
724 972 792 1024 recipit
801 972 821 1013 in
831 972 896 1013 fidem.
924 971 983 1012 Brevi

205 1027 271 1063 tamen
287 1028 332 1077 post
346 1038 392 1064 cunr
406 1024 511 1078 Dargusius
526 1025 547 1065 in
564 1025 913 1067 1001οΒ0011010100101100101010000
921 1029 983 1066 noctu

205 1078 323 1119 lactibundus
340 1082 428 1128 cenaret,
445 1094 456 1120 0
470 1080 551 1133 justitiae
564 1080 658 1130 ministro,
675 1080 797 1134 militumque
812 1083 889 1135 agmine
898 1081 983 1121 missisa

205 1133 315 1187 Binghamo
330 1134 434 1188 improvise
449 1133 553 1175 obsidetur.
582 1135 636 1175 Dum
650 1135 736 1176 haeretici
749 1135 825 1177 barbari
834 1136 908 1177 foribus
918 1136 981 1177 effrin-

205 1189 273 1241 gendis
292 1189 415 1239 distinentur,
435 1189 553 1243 Fargnsius†
572 1204 606 1244 per
624 1190 770 1231 subterraneum
789 1191 906 1240 cuniculum,
924 1205 982 1244 quem

226 1343 234 1359 '
246 1341 357 1376 001500
381 1340 433 1374 Four
442 1339 524 1379 Masters,
533 1351 550 1384 p.
564 1340 612 1376 1847.
640 1338 696 1384 Hag's
706 1339 792 1373 (10011010
801 1339 867 1385 Lough
877 1340 933 1375 Mask.

226 1401 235 1441 †
244 1399 274 1433 No
279 1399 339 1432 notice
345 1398 366 1431 01
368 1398 439 1443 Fergus
446 1398 522 1441 O'Kelly
528 1409 602 1442 appears
606 1398 625 1431 in
629 1397 660 1431 the
666 1398 716 1431 Four
725 1397 809 1439 Masters,
816 1409 837 1432 or
845 1398 876 1432 the
884 1399 939 1433 tribes
946 1399 981 1432 and

204 1449 281 1478 00010100
287 1443 308 1478 01
322 1441 423 1488 Hy-Many,
430 1443 463 1476 but
471 1443 490 1476 in
498 1444 590 1487 Mooney's
602 1442 669 1486 history
678 1443 699 1476 01
704 1443 735 1476 the
743 1442 867 1483 Franciscans,
876 1444 891 1477 it
898 1443 912 1477 is
921 1445 981 1477 stated

203 1490 242 1523 that
256 1489 308 1523 down
321 1492 340 1522 to
354 1488 385 1521 the
399 1488 442 1521 time
456 1491 475 1520 at
488 1487 546 1521 which
560 1488 583 1521 he
591 1499 625 1521 was
633 1488 711 1532 vvriting,
720 1488 769 1522 An.
780 1488 831 1528 1617,
839 1489 870 1522 the
878 1494 954 1522 convent
962 1489 984 1523 01

204 1533 311 1572 Kilconnell,
319 1533 397 1567 founded
404 1533 427 1576 by
435 1532 465 1565 the
475 1532 558 1577 O’Kelly,
566 1544 601 1566 was
609 1537 639 1577 yet
652 1533 727 1576 perfect,
738 1533 807 1577 though
814 1534 830 1566 it
837 1534 874 1567 had
881 1545 923 1578 very
930 1534 981 1567 often

203 1580 247 1613 been
258 1578 343 1622 occupied
350 1577 373 1622 by
380 1578 411 1611 the
419 1577 496 1622 English
502 1577 561 1610 forces
570 1577 588 1610 10
595 1577 626 1611 1110
634 1588 697 1611 course
705 1577 727 1611 01
735 1577 826 1617 11100010,
834 1579 869 1612 and
877 1579 916 1612 that
924 1578 980 1622 Bing-

204 1624 245 1658 ham
253 1622 326 1657 himself
331 1622 367 1656 had
373 1622 407 1656 1011
419 1622 450 1656 the
462 1622 525 1656 Friars
538 1622 558 1655 in
570 1623 674 1666 possession,
683 1623 719 1656 and
731 1622 807 1656 ordered
814 1623 864 1656 them
872 1627 890 1656 10
898 1634 981 1668 preserve

203 1670 222 1704 it.
248 1674 260 1691 “
268 1669 350 1702 Fuerunt
358 1678 404 1711 saepe
411 1667 430 1700 in
437 1667 471 1701 isto
480 1671 568 1701 conventu
576 1667 661 1700 stationes
673 1667 751 1701 militum
763 1667 865 1712 Anglorum
878 1669 980 1702 constitutae

202 1719 283 1758 tempore
290 1713 339 1751 belli,
347 1723 438 1756 nunquam
445 1716 504 1745 tamen
517 1716 623 1746 conventum
635 1712 715 1745 demoliti
727 1716 773 1751 sunt,
781 1713 813 1746 sed
821 1717 880 1746 manet
888 1713 979 1746 011110010-

203 1765 253 1804 teger
262 1758 321 1802 quoad
334 1768 395 1791 omnes
402 1760 462 1801 partes
474 1757 527 1790 etiam
540 1757 598 1801 quoad
610 1757 673 1796 vitrea,
688 1761 706 1790 et
720 1757 807 1791 celaturas
822 1762 839 1790 et
850 1758 935 1801 picturas,
943 1769 979 1791 non

202 1804 284 1838 obstante
296 1804 345 1847 quod
356 1802 422 1836 milites
434 1801 498 1845 passim
510 1812 543 1846 per
557 1801 647 1836 ecclesiam
660 1802 744 1841 hahentes
756 1812 788 1835 sua
800 1802 921 1842 contubernia,
928 1803 979 1847 ignes

201 1849 255 1883 011001
263 1849 281 1881 10
287 1847 360 1892 singulis
366 1846 486 1881 contuberniis
490 1847 579 1880 habehant
587 1851 605 1880 01
611 1846 671 1880 locum
679 1847 760 1880 sordibus
767 1847 831 1892 saepius
838 1847 979 1892 repleverint'-

200 1900 300 1939 “aspectus
309 1893 347 1936 ejus
355 1891 378 1925 ad
386 1891 498 1925 devotionem
505 1891 616 1925 excitandam
621 1892 717 1935 plurimum
723 1892 785 1935 juvat:
798 1892 875 1936 parietes
881 1897 979 1926 constructi

201 1944 242 1973 sunt
251 1951 273 1972 ex
280 1939 347 1983 optimo
354 1937 419 1981 lapide,
428 1948 504 1981 quorum
517 1947 583 1981 magna
589 1947 630 1979 pars
639 1940 665 1969 001
672 1936 724 1969 valde
731 1937 785 1980 polite
794 1941 852 1970 secta:
864 1938 929 1981 tegula
937 1943 979 1971 sunt

201 1985 270 2029 lignea,
279 1988 297 2017 01
305 1983 384 2016 celatura
392 1982 470 2015 00010010
478 1981 529 2015 valde
536 1981 620 2025 pulchra:
626 1985 692 2025 septem
698 1987 738 2014 0001
746 1981 814 2020 altaria,
818 1982 915 2026 campanile
922 1982 978 2015 turris

202 2030 244 2070 0110,
252 2033 270 2062 01
277 2028 303 2061 ibi
311 2038 395 2071 campana
402 2027 445 2060 satis
457 2038 522 2071 magna
529 2030 548 2059 01
555 2026 607 2064 bona,
616 2037 655 2070 quae
666 2025 769 2059 mirabiliter
776 2038 839 2060 manus
846 2027 978 2067 haereticorum,

203 2075 233 2119 qui
241 2073 344 2117 hujusmodi
351 2071 452 2106 aridissime
459 2071 546 2116 diripiunt
552 2070 625 2104 evasit.”
648 2070 671 2104 In
678 2071 709 2103 the
717 2082 758 2114 year
765 2071 897 2115 1500000100
906 2072 978 2116 Stryck,

201 2120 242 2154 who
249 2130 285 2153 was
294 2118 390 2162 quartered
400 2117 451 2151 there
459 2117 500 2150 with
508 2116 570 2150 1111000
577 2120 639 2160 troops
647 2116 667 2149 01
673 2115 753 2154 soldiers,
761 2116 780 2157 (a
787 2116 835 2160 good
842 2127 884 2149 1000
890 2116 960 2161 though
968 2129 979 2150 0

201 2164 275 2203 11010110,
283 2163 312 2197 101
320 2162 330 2196 Ι
338 2163 390 2196 knew
397 2161 434 2195 him
441 2162 481 2195 well
488 2162 535 2195 saith
543 2172 577 2194 our
584 2161 658 2204 author)
667 2160 744 2193 ordered
754 2160 785 2193 the
793 2160 845 2194 friars
853 2165 873 2194 10
880 2162 947 2195 romain
958 2162 977 2195 in

201 2210 232 2243 the
240 2212 322 2247 convent,
330 2209 365 2241 and
372 2207 450 2251 pledged
457 2206 529 2240 himself
534 2211 554 2239 10
560 2206 623 2250 punish
629 2217 663 2249 any
670 2205 736 2239 soldier
741 2205 780 2238 who
788 2205 851 2238 should
857 2206 898 2239 dare
906 2210 924 2239 to
931 2207 979 2240 burn

201 2267 235 2300 any
243 2254 264 2288 01
269 2254 300 2287 the
307 2253 381 2286 timbers
394 2252 415 2285 01
426 2252 456 2285 1110
470 2251 544 2290 01101011,
557 2262 579 2284 01
592 2250 685 2284 otherwise
696 2249 755 2293 injure
768 2249 789 2283 it.
813 2250 885 2295 During
898 2252 928 2285 the
936 2252 978 2286 0100

200 2300 272 2334 months
279 2298 357 2342 military
365 2297 471 2341 occupation
483 2296 505 2330 01
514 2296 546 2329 the
553 2300 634 2335 convent,
642 2295 673 2329 the
680 2294 734 2328 111010
741 2295 836 2334 remained,
844 2307 891 2329 were
902 2296 978 2331 allowed

200 2350 219 2379 to
228 2356 259 2390 say
266 2354 312 2377 mass
319 2342 406 2388 privately
414 2342 432 2375 in
439 2343 470 2375 the
478 2341 558 2385 saeristy,
567 2341 601 2374 and
609 2340 645 2374 had
653 2350 701 2373 some
708 2339 749 2372 00110
755 2339 783 2372 101
790 2340 836 2374 their·
842 2352 882 2374 own
888 2341 978 2375 exclusive

200 2401 231 2423 000
239 2390 258 2422 10
265 2389 296 2422 the
304 2388 408 2432 dormitory.
432 2387 470 2420 But
477 2387 501 2420 all
509 2386 556 2421 their
569 2386 646 2431 gardens
659 2385 695 2418 and
703 2384 788 2418 orchards
795 2396 841 2419 were
850 2390 881 2418 cut
888 2387 940 2420 down
948 2386 978 2420 101

199 2436 232 2469 fire
240 2434 263 2479 by
271 2434 302 2467 the
310 2433 389 2472 soldiers,
398 2431 437 2466 who
446 2432 499 2466 could
511 2436 544 2465 not
558 2435 633 2465 venture
646 2429 686 2463 half
696 2440 707 2461 a
720 2428 760 2462 mile
767 2429 805 2463 into
817 2430 848 2464 the
859 2431 908 2465 thick
916 2431 977 2466 woods

200 2479 270 2514 around
277 2479 308 2511 the
318 2482 394 2512 convent
402 2477 478 2511 without
486 2477 544 2521 lesing
551 2487 598 2510 00010
608 2476 629 2509 01
634 2475 681 2508 their
689 2485 735 2507 men.

223 2526 287 2558 “Ante
295 2523 326 2556 illa
333 2527 415 2567 tempora
420 2522 507 2556 Dominus
515 2521 617 2555 Richardus
624 2519 742 2564 Binghamus,
747 2520 840 2563 provincias
847 2519 976 2566 0000001000-

198 2570 290 2610 bernator,
299 2568 326 2602 vir
335 2567 412 2601 crudelis
420 2571 438 2601 et
446 2567 596 2612 sanguinolentus,
606 2565 636 2609 qui
644 2564 734 2608 tyrannice
742 2564 801 2598 multis
809 2565 932 2599 innocentibus
943 2577 976 2610 pro

198 2615 233 2649 fide
241 2618 318 2648 mortem
325 2613 387 2646 intulit
394 2617 453 2651 tamen
466 2613 527 2657 saepius
540 2612 611 2646 veniens
619 2610 642 2644 ad
649 2609 694 2642 illud
701 2610 826 2644 monasterium
835 2611 894 2644 dicere
901 2610 976 2653 solebat,

198 2671 234 2694 non
243 2671 280 2693 esse
288 2658 428 2703 permittendum
435 2661 456 2690 ut
464 2658 504 2691 talis
512 2658 563 2691 10000
571 2657 699 2693 destrueretur,
708 2658 726 2687 et
737 2654 822 2689 fratribus
831 2655 927 2693 accersitis,
935 2655 975 2689 illos

198 2705 305 2739 adhortatus
313 2708 340 2737 est
347 2708 368 2737 01
376 2703 456 2737 sedulam
464 2714 536 2747 operam
549 2704 636 2746 ponerent
644 2699 662 2732 in
676 2701 794 2733 conservanda
802 2700 870 2734 fabrica
878 2700 976 2741 (10010000

197 2750 271 2793 periret¹
297 2748 350 2787 Quod
358 2752 379 2782 01
386 2748 427 2781 talis
441 2748 508 2781 diceret
522 2752 540 2780 et
554 2745 593 2780 fieri
607 2743 724 2789 permitteret,
732 2756 764 2789 ego
776 2757 812 2779 000
824 2745 857 2778 0101
865 2745 882 2777 10
891 2744 976 2779 Divinam

197 2795 333 2828 Providentiam
340 2794 410 2827 referre
417 2792 473 2838 potui,
481 2804 520 2838 quae
527 2793 554 2825 ita
562 2789 648 2834 disposuit
653 2793 675 2822 ut
682 2789 755 2825 10110000
763 2794 862 2824 conventus
869 2789 898 2822 ille
905 2790 976 2835 integer

198 2850 291 2873 mansurus
306 2840 335 2878 sit,
348 2842 377 2872 101
391 2838 430 2872 aliis
445 2838 515 2878 dirutis,
532 2838 589 2870 donec
605 2834 654 2868 Deus
668 2834 741 2869 meliora
754 2840 835 2880 tempora
852 2836 976 2869 concesserit.¹’

197 2884 272 2917 Fratres
280 2888 339 2918 001001
347 2883 378 2928 qui
386 2883 404 2917 in
413 2887 501 2916 conventu
507 2879 629 2917 conservando
638 2890 709 2923 operam
714 2880 801 2914 dederunt
809 2880 882 2913 fuerunt
890 2879 975 2914 Salomon

197 2928 240 2962 Mac
248 2929 308 2972 Egon,
316 2928 372 2973 Hugo
381 2928 424 2962 Mac
431 2928 485 2972 Egan
493 2932 512 2961 et
520 2926 615 2971 Philippus
622 2924 690 2959 Gluana
699 2925 787 2969 ((1100οἳ)
800 2925 830 2969 qui
838 2924 896 2958 adhuc
904 2926 948 2959 vivit
956 2930 974 2958 et

196 2984 236 3008 meo
243 2973 318 3016 judicio,
326 2975 391 3007 silicet
404 2973 492 3006 hominem
506 2973 525 3005 in
539 2972 577 3005 vita
590 2970 662 3004 laudare
675 2970 726 3014 plane
740 2975 811 3006 0000100
823 2981 844 3004 ae
856 2969 896 3004 Deo
910 2970 974 3004 0110100
