2237 3535
87 392 130 418 511.
145 378 180 431 ru]
304 392 331 419 1111
345 392 409 421 annno
425 393 543 424 curnunorn
558 391 666 420 1111151511.
787 370 788 373 “
818 381 858 421 173

85 488 167 528 nonest
179 487 256 540 (Gluoin
266 487 366 542 Tiburuid)
377 490 452 540 dicitur,
462 490 549 544 pervenit
558 506 562 530 :
570 486 608 529 'ubi
617 488 681 541 copias
692 502 736 529 suas
745 487 796 528 hosti
806 503 859 542 spec:

86 543 155 583 tandas
172 542 250 596 praebet.
280 543 374 585 O’Nellus
383 546 487 599 imperator
495 544 546 585 nihil
554 544 667 597 imperitior,
678 543 711 583 sed
721 543 793 584 viribus
803 543 861 597 longe

86 598 147 651 impar
163 598 252 638 occurrit.
281 598 313 639 Ibi
330 600 409 641 duarum
426 600 603 640 bellicosisimarum
619 598 726 638 insularum
745 598 784 639 duo
802 597 861 651 longe

87 652 185 693 clarissimi
202 652 259 693 duces
275 654 359 707 primum
375 656 430 709 signa
447 655 556 695 conferunt.
584 653 632 693 Erat
646 653 679 694 ille
698 653 752 693 locus
768 653 860 707 planicies

86 712 157 760 aperta,
175 708 192 748 dr
207 712 274 761 patens
291 710 324 750 sed
343 710 456 750 humiditate
472 723 541 764 parum
560 708 658 762 impedita.
686 708 718 748 Ex
734 708 861 749 circumiectis

86 762 192 815 uliginibus
210 777 263 816 aquae
278 765 395 806 confluentes
410 765 481 805 vadum
497 763 599 813 faciebant,
615 777 649 817 per
667 763 719 816 quod
736 766 775 803 erat
790 763 860 816 Anglis

86 818 204 858 commodius
214 820 357 860 transeundum.
386 820 439 860 Illud
448 820 519 861 vadum
529 819 624 860 O’Nellus
634 817 710 859 obsidet
716 836 723 868 3
739 818 789 858 adire
796 821 860 858 tentat

85 872 154 912 Noeris
161 890 167 922 5
182 887 226 913 eum
241 888 338 915 removere
353 875 447 915 O'Nellus
461 879 548 916 conatur.
577 874 679 928 Equestris
693 872 751 913 simul
760 887 832 926 pugna,
844 874 860 914 dt

84 927 261 969 bombardariornm
266 929 363 982 velitatioll
372 930 444 970 circum
449 931 519 971 vadum
524 930 600 983 incipit.
613 929 695 982 Equites
705 928 753 981 regii
763 942 858 968 armorum
867 939 924 982 [139]

84 983 196 1032 munimine,
207 983 272 1024 iberni
281 984 381 1025 hominum
391 985 502 1025 dexteritate
511 985 634 1039 praestabant.
649 983 717 1024 Iberni
726 982 860 1024 fulminatores

85 1036 199 1078 collineandi
216 1039 294 1079 seientit
310 1039 367 1093 longe
386 1040 529 1080 antecedebant.
568 1039 627 1084 Quod
645 1038 770 1079 commodum
789 1038 859 1092 saepius

85 1106 185 1133 commune
194 1094 253 1146 partis
262 1095 362 1146 utriusque
371 1099 424 1134 erat:
439 1109 484 1135 nam
493 1095 514 1135 in
522 1095 576 1148 regio
585 1095 671 1135 exercitu
678 1093 728 1147 saepe
734 1093 799 1147 plures
805 1098 859 1133 erant

85 1147 157 1197 Iberni,
168 1162 225 1201 quam
234 1149 301 1201 Angli.
330 1148 386 1201 Regii
394 1149 522 1190 bombardarii
531 1149 561 1189 bis
572 1165 582 1190 a
592 1148 696 1189 Catholicis
703 1148 798 1189 contutati
805 1153 857 1197 sunt,

84 1202 198 1243 reclamante
207 1203 229 1243 N
230 1205 294 1252 orrise,
305 1203 339 1256 qui
348 1204 427 1243 ultimus
438 1204 524 1244 omnium
534 1205 600 1257 pugna
610 1203 719 1244 excedebat.
748 1204 778 1243 Ao
788 1202 825 1243 sub
835 1217 858 1243 eo

86 1257 164 1310 quidem
173 1272 233 1310 equus
242 1258 334 1311 plumbet
344 1258 412 1310 glande
422 1259 522 1298 confossus
532 1259 589 1298 cadit.
605 1258 677 1298 Omnes
687 1258 746 1312 partis
755 1258 868 1311 utriusque¹

86 1313 159 1365 equites
175 1313 221 1353 ldae
237 1312 305 1352 Guieri
321 1327 361 1352 non
377 1313 448 1365 injurit.
463 1313 533 1365 primas
552 1317 693 1353 concesserunt.
721 1312 770 1353 Cum
788 1312 859 1353 Nonis

85 1367 154 1419 aegrius
164 1367 221 1407 ferret
231 1381 275 1406 snos
285 1366 315 1406 bis
324 1367 404 1419 reyectos
413 1366 478 1406 locum
487 1381 527 1406 non
537 1367 655 1415 sustinuisse,
671 1367 685 1406 J
685 1366 746 1406 51111115
756 1367 859 1419 Sedgreius

86 1434 145 1474 eques
156 1421 238 1461 [bernus
254 1420 376 1470 Midhiensis,
387 1421 477 1474 corporis,
489 1423 504 1461 dr
514 1421 573 1461 animi
581 1421 649 1461 robore
659 1421 753 1461 excellens
762 1421 833 1474 ipsum,
844 1423 860 1462 dr

85 1476 191 1528 Ragnalem
207 1476 235 1515 ita
251 1474 361 1527 alloquitur.
391 1476 486 1516 “Mittite
502 1490 577 1516 mecum
594 1476 680 1529 equitum
696 1480 786 1525 turmam,
798 1477 814 1516 b
824 1491 860 1529 ego

85 1530 175 1582 polliceor
184 1530 245 1579 vobis,
256 1529 362 1570 O’Nellum
372 1544 412 1570 esse
429 1530 477 1570 mihi
486 1545 509 1570 511
518 1531 613 1584 ephippiis
623 1531 691 1571 saltem
701 1530 859 1572 detrahendum.”

85 1584 207 1625 Consistebat
224 1584 319 1625 O'Nellus
335 1584 358 1625 ab
374 1585 433 1625 altera
448 1589 502 1638 parte
518 1586 562 1626 vadi
580 1586 706 1639 quadraginta
722 1585 826 1639 equitibus,
841 1590 861 1626 et

85 1639 222 1680 bombardariis
238 1639 305 1693 paucis
320 1640 407 1693 stipatus,
425 1640 470 1680 inde
489 1640 577 1693 praelium
593 1640 731 1693 contemplans,
746 1643 765 1680 et
781 1640 861 1693 imperia

86 1694 139 1734 dans.
168 1695 233 1735 Tertio
243 1694 323 1748 equites
335 1699 353 1734 et
369 1694 497 1735 bombardarii
510 1709 597 1748 pugnam
611 1695 748 1749 redintegrant.
775 1695 803 1735 Et
813 1696 860 1735 Sed-

86 1750 149 1801 graius
160 1749 237 1802 quidem
247 1749 349 1789 comitatus
364 1750 427 1789 turmtr
443 1750 600 1790 electissimorum
614 1751 701 1804 equitum
709 1750 830 1800 thanorum,
841 1754 860 1791 et

85 1804 194 1857 Anglorum
210 1804 280 1844 vadum
297 1804 413 1857 aggreditur.
442 1805 468 1844 111
484 1805 526 1858 ipso
541 1805 591 1845 vado
606 1805 663 1858 pauci
677 1805 751 1858 equites
765 1805 860 1845 oaduuth

86 1859 203 1912 scloperariis
214 1858 297 1912 corporis
308 1858 386 1898 O'Nelli
396 1859 507 1899 custodibus
516 1860 557 1900 icti.
586 1860 719 1900 Nihilominus
729 1859 858 1912 Sedgreiusin

86 1914 192 1954 O'Nellum
200 1914 256 1953 irruit
265 1931 269 1954 :
284 1916 366 1966 uterque
375 1914 396 1953 in
406 1913 483 1954 alterius
492 1914 551 1954 lorica
560 1914 635 1955 hastam
644 1915 722 1968 frangit.
751 1914 800 1954 Mox
811 1915 857 1955 Sed-

86 1969 149 2021 gneius
160 1968 265 2008 O’Nellum
279 1967 329 2008 collo
346 1968 484 2021 deprehensum
494 1984 517 2008 ex
526 1982 576 2022 equo
587 1969 677 2009 deturbat
683 1987 689 2019 ,-
704 1968 799 2009 O’Nellus
809 1969 858 2010 invi-

86 2038 127 2063 cem
138 2023 248 2076 Sedgreium
258 2037 282 2063 511
291 2035 340 2076 equo
351 2022 445 2063 detrahit:
461 2023 516 2064 ambo
522 2024 543 2064 in
550 2028 646 2065 certamen
652 2024 720 2064 validae
727 2024 784 2064 luctae
789 2038 859 2065 manns

86 2083 201 2118 conserunt:
217 2077 312 2118 O’Nellus
319 2078 451 2131 prosternitur,
460 2078 493 2131 qui
499 2082 564 2118 tamen
572 2079 635 2119 animo
644 2082 699 2119 tanto
708 2079 752 2127 fuit,
762 2079 859 2132 rejacens

86 2133 198 2186 Sedgreium
209 2133 244 2173 sub
253 2132 313 2173 lorictr
326 2133 375 2172 inter
389 2132 460 2172 femina
469 2147 502 2186 per
512 2134 602 2186 genitalia
612 2134 678 2174 stricto
688 2134 773 2187 pugione
783 2135 859 2174 contos

86 2201 129 2227 sum
138 2188 259 2228 interfecerit.
289 2187 365 2228 Circum
379 2187 492 2240 Sedgreium
505 2188 612 2229 octodecim
621 2189 695 2241 equites
705 2188 802 2242 splendidi
811 2190 860 2243 regii

85 2240 220 2292 succumbunt,
231 2247 249 2283 et
259 2242 337 2295 signum
346 2242 429 2295 capitur:
445 2243 508 2282 caeteri
517 2244 564 2296 fuga
574 2243 655 2284 salutem
664 2247 747 2297 petunt:
762 2244 802 2284 111111
812 2258 860 2297 quo-

86 2309 122 2350 que
133 2311 198 2337 omnes
208 2298 265 2351 regiae
275 2298 335 2351 copiae
345 2297 411 2350 pedem
420 2297 489 2338 referre
496 2302 600 2352 coguntur,
610 2299 737 2352 septingentis
744 2298 787 2352 plus
795 2300 860 2340 minus

109 2434 117 2449 *
130 2432 241 2473 Olontubrid,
258 2444 301 2467 near
318 2432 424 2477 Monaghan.
449 2432 496 2465 Four·
512 2433 595 2472 Martem,
611 2445 629 2477 p.
648 2433 699 2470 1971.
725 2435 766 2471 Coa,
781 2444 799 2477 p.
816 2434 857 2470 407.

86 2477 151 2511 Nurris
165 2478 198 2511 left
212 2478 279 2512 Dublin
293 2479 365 2523 August
374 2480 400 2517 11,
408 2477 472 2521 fought
480 2489 490 2509 a
498 2477 554 2511 battle
563 2478 632 2522 against
644 2478 686 2512 O'N
686 2478 714 2517 eil,
723 2478 742 2511 in
749 2477 806 2510 which
814 2478 859 2512 both

86 2523 116 2565 the
124 2523 217 2556 Norrisses
225 2535 271 2557 were
279 2523 366 2557 wounded
373 2537 378 2564 ς
387 2522 463 2556 relieved
470 2522 573 2567 Monaghan
582 2523 638 2566 (Gon)
647 2523 682 2556 and
689 2534 725 2556 was
733 2523 751 2555 in
759 2522 827 2555 Dublin
835 2535 858 2557 011

88 2567 166 2601 October
176 2571 202 2601 ll.
228 2569 267 2602 The
275 2569 324 2602 Four
332 2569 407 2601 Munere
415 2567 492 2600 describe
504 2578 515 2599 a
522 2567 579 2600 battle
592 2568 687 2612 occurring
698 2567 760 2600 within
772 2567 802 2600 the
810 2578 858 2601 same

86 2612 135 2652 time,
142 2613 161 2646 in
169 2613 227 2646 which
235 2614 265 2647 the
274 2613 366 2647 Nurrisses
374 2624 420 2646 were
428 2611 519 2650 wounded,
527 2612 563 2645 and
576 2612 640 2645 O'Neil
648 2623 683 2645 was
691 2610 793 2645 victorious.
819 2613 859 2646 But

86 2658 125 2690 that
133 2658 194 2699 battle,
203 2658 244 2703 they
253 2670 289 2702 say,
298 2670 333 2691 11115
341 2659 404 2703 fought
412 2658 489 2690 between
496 2656 577 2699 Armagh
585 2657 620 2689 and
632 2656 704 2700 Newry.
730 2655 769 2688 The
780 2667 831 2691 scene
840 2659 861 2692 of

86 2702 116 2735 the
123 2703 180 2736 battle
188 2704 252 2748 fought
259 2704 277 2737 in
287 2703 335 2747 May,
349 2706 398 2743 1595,
412 2702 479 2747 against
491 2700 556 2734 Norris
569 2701 604 2733 and
617 2701 696 2739 Russell,
703 2712 721 2744 p.
733 2701 783 2740 1987,
795 2713 858 2747 agrees

86 2748 139 2781 much
147 2749 205 2781 better
214 2749 256 2782 with
266 2748 378 2789 Glontubrid
386 2749 421 2781 and
434 2747 476 2779 with
489 2746 518 2778 the
527 2746 589 2779 details
604 2745 624 2777 of
634 2746 664 2778 the
677 2745 733 2778 battle
745 2745 763 2778 in
771 2746 802 2780 the
811 2759 859 2782 same

86 2793 148 2825 month
157 2793 216 2837 (rath)
224 2805 267 2826 near
275 2793 384 2838 Monaghan,
393 2791 482 2826 described
490 2791 512 2835 by
521 2790 565 2829 (lox,
573 2801 590 2834 p.
600 2792 640 2823 405.
666 2790 685 2823 It
693 2790 708 2822 is
716 2795 756 2823 true
765 2791 795 2825 the
808 2793 858 2838 Eng.

86 2835 119 2869 lish
127 2843 211 2872 accounts
220 2838 298 2871 mention
306 2839 381 2883 Bagnall
388 2838 428 2881 only
441 2847 459 2869 as
467 2835 589 2878 commanding
597 2835 646 2868 there
654 2848 659 2876 ς
672 2835 711 2877 but,
726 2835 741 2868 it
752 2846 808 2876 seems
816 2850 859 2883 very
910 2844 912 2846 ’

86 2885 158 2926 strange
166 2883 205 2916 that
214 2883 291 2922 Russell,
300 2884 339 2916 who
347 2884 382 2916 had
389 2881 474 2916 returned
481 2880 527 2914 from
535 2880 562 2913 his
571 2879 658 2913 Wioklow
666 2880 774 2924 expedition,
780 2882 823 2928 May
831 2886 858 2922 15,

86 2926 121 2958 and
129 2927 199 2967 Noeris,
208 2929 246 2962 who
255 2928 290 2961 had
298 2928 362 2961 lauded
369 2929 388 2961 in
396 2927 492 2970 February,
501 2925 564 2959 should
572 2925 594 2958 he
602 2930 614 2946 “
619 2925 720 2970 refreshing
727 2926 832 2962 themselves
840 2929 858 2961 in

86 2969 132 3003 their
140 2975 232 3015 quarters²⁷
239 2974 290 3008 when
299 2973 363 3007 O'Neil
370 2973 404 3007 had
412 2972 456 3005 been
462 2970 552 3016 besieging
561 2970 662 3016 Monaghan
674 2971 722 3005 since
730 2971 788 3016 April.
