2237 3535
118 424 162 453 aar.
172 410 215 462 ru]
357 423 449 453 manarat
463 424 500 452 sun
515 422 649 452 uniusaurei.
850 410 889 449 113

116 519 195 569 thelim,
206 519 249 573 quis
258 520 283 561 sit
293 520 314 561 in
323 519 400 562 Ibernib
409 536 472 563 rerum
489 524 551 562 status
568 519 653 573 exponit,
664 516 688 557 ab
704 515 777 570 illoque
786 515 890 559 Catholicis

116 576 164 628 petit
173 575 272 615 auxilium.
301 575 349 617 Inde
359 591 392 630 per
402 577 485 618 Galliam
495 577 578 616 Romam
587 572 725 628 proficiscitur:
740 571 774 612 ubi
783 574 831 611 tunc
841 575 889 612 tem·

115 630 167 683 poris
174 634 214 670 erat
221 630 320 671 Cornelius
330 631 476 673 O'Mehiamms
485 630 626 672 Franciscanus
631 627 733 680 religiosus
743 626 890 667 Killaloacensis

115 685 215 738 episcopus
225 684 308 726 Ibernus
317 689 335 727 et
344 687 428 728 Thomas
438 686 530 735 scaenas,
541 683 575 738 qui
584 683 608 725 ab
618 683 660 724 aliis
677 681 758 722 Hemici
767 681 828 722 VIII.
839 682 890 735 regis

114 739 192 792 Angliae
207 739 258 780 filius
277 743 353 791 nothus,
370 742 394 783 ab
411 742 453 784 aliis
469 741 533 794 equite
549 738 616 794 Anglo
632 741 686 792 patre
705 741 725 777 et
743 736 814 777 Iberua
828 742 889 777 matre

113 795 197 847 genitus,
207 795 231 835 ab
241 795 282 836 aliis
292 796 369 838 omninb
382 797 464 838 Ibernus
480 795 593 850 perhibetur
609 798 628 834 et
644 792 675 834 vel
689 791 759 845 Anglis
775 792 841 841 iratus,
859 792 889 832 vel

113 850 184 902 pietate
199 853 269 900 nictus,
284 852 315 892 rel
331 866 423 893 novarum
437 866 502 892 rerum
519 850 602 904 bellique
619 847 707 903 cupidm‚
718 847 796 887 ermae
810 861 889 900 sperans

113 904 186 956 aliquid
195 905 313 956 incrementi,
321 907 351 947 vel
360 907 384 947 ad
394 921 475 960 reguum
482 906 568 961 aspirans
574 906 604 946 uir
610 905 675 946 forsan
680 903 734 957 regio
744 915 814 956 genere
824 906 888 951 natus,

113 958 228 1001 Ibcruorum
244 963 321 1002 nomine
335 962 428 1002 auxilium
444 962 465 1002 in
480 962 555 1015 Anglos
572 959 695 1014 efflagitabat.
724 957 802 998 Ibidem
819 956 889 1011 agebat

112 1013 208 1055 Suaderus
217 1016 280 1069 gentis
295 1017 382 1070 Anglicae
397 1017 461 1065 decus,
472 1030 550 1057 suorum
559 1014 680 1069 tyrannidem
690 1013 774 1067 fugiens,
784 1016 888 1066 postquam

112 1068 136 1109 de
145 1069 228 1123 Anglico
238 1071 339 1112 schismate
347 1071 419 1112 librum
433 1071 526 1112 condidit.
554 1071 585 1111 no
594 1076 680 1123 tempore
689 1068 780 1111 nonnulli
788 1068 887 1108 latronum

111 1125 205 1178 manipuli
214 1125 291 1166 Italiam
299 1141 339 1167 non
348 1141 417 1180 parum
426 1126 549 1175 infestabant,
563 1126 610 1166 dum
620 1139 643 1165 er
652 1124 709 1177 sylvis
720 1128 739 1163 et
748 1122 855 1172 montibus,
865 1123 887 1162 in

111 1179 181 1231 quihus
190 1180 280 1230 latebant,
292 1186 420 1235 erumpentes,
429 1181 530 1220 nocturnis
546 1180 618 1233 rapinis
632 1183 652 1219 et
665 1178 814 1227 incursionibus,
824 1192 886 1231 pagos

111 1234 230 1287 diripiebant,
241 1240 260 1276 et
269 1237 337 1276 itinera
347 1235 457 1276 obsidentes
467 1235 548 1275 viatores
557 1234 671 1288 spoliabant.
685 1233 699 1273 J
700 1234 761 1273 aimus
769 1233 885 1285 Gregorium

112 1287 174 1329 XIII.
192 1290 307 1331 Pontificem
322 1290 430 1330 Maximum
446 1293 518 1337 exorat,
533 1292 556 1328 nt
570 1288 654 1329 ecclesiae
668 1287 767 1328 catholicae
776 1288 797 1327 in
806 1287 885 1327 Ibernit

108 1343 148 1396 jam
156 1358 205 1397 pene
211 1346 312 1396 corruenti
327 1345 376 1384 ferat
392 1357 461 1396 opem3
476 1358 487 1383 a
497 1357 535 1396 quo
546 1343 623 1383 demum
632 1342 742 1395 impetravit
750 1341 885 1395 impunitatem

109 1397 132 1437 iis
141 1398 248 1439 latronibus
259 1400 282 1438 eat
291 1398 402 1439 conditione
411 1401 434 1437 ut
444 1411 509 1437 seeum
519 1399 539 1437 in
549 1397 646 1437 Iberniam
651 1396 822 1450 proficiscerentur,
833 1400 852 1436 et
862 1410 885 1436 ea

108 1452 147 1492 illis
156 1456 176 1492 et
185 1453 232 1502 aliis,
242 1453 295 1493 mille
304 1453 374 1493 milites
384 1452 428 1505 plus
437 1452 502 1492 minus
511 1452 580 1505 coegit.
610 1451 686 1496 Quibus
696 1451 787 1491 Summus
796 1451 886 1491 Pontit'er

109 1507 167 1546 duces
176 1508 262 1560 prefecit
271 1507 377 1548 Herculem
387 1499 486 1556 Pisanum,
502 1507 565 1546 virum
581 1506 701 1555 fortitudine,
716 1506 783 1559 reique
797 1505 885 1546 militaris

109 1561 190 1601 scientid
199 1561 278 1610 clarum,
288 1561 375 1615 abasque
392 1561 490 1602 Romanos
502 1561 572 1602 milites
581 1562 603 1601 in
613 1576 670 1602 naves
679 1562 781 1615 impositos
791 1560 831 1601 una
840 1574 885 1600 curn

109 1615 197 1656 (lamehe
213 1616 311 1670 Episcopo
328 1622 347 1657 et
364 1616 450 1657 Sandero
466 1616 556 1657 Dcctore.
582 1616 657 1657 Jaimus
672 1615 789 1665 Stucklium,
796 1615 854 1669 jubet
862 1620 885 1655 ut

109 1670 244 1724 Ulyssiponem
255 1670 319 1721 ducat,
329 1671 395 1724 ibique
404 1672 469 1725 ipsum
479 1675 558 1725 spectet,
564 1671 626 1712 donee
635 1685 715 1712 uxorem
725 1685 782 1724 quam
791 1672 811 1711 in
821 1670 886 1711 Gallia

108 1725 216 1778 reliquerat,
227 1725 305 1767 deierat.
335 1726 434 1767 Stucklins
444 1726 517 1767 Italicis
527 1727 565 1767 oris
579 1740 654 1780 puppes
663 1730 740 1767 uertens
749 1725 886 1780 Ulyssipcnem

109 1780 197 1821 secundis
207 1782 269 1821 ventis
280 1782 363 1822 defertur
372 1781 411 1821 illis
421 1781 495 1831 diebus,
506 1780 576 1834 quibus
591 1781 715 1822 Sebastianus
730 1781 838 1821 Lusitaniae
852 1795 886 1820 rex

108 1835 192 1888 inclytus
201 1835 221 1876 in
231 1836 369 1877 Mauritaniam
378 1835 460 1877 iaciebat
475 1837 622 1890 expeditionem.
651 1836 693 1877 Rex
707 1850 718 1877 a
728 1836 821 1884 Stucklio,
832 1836 886 1876 utin

111 1889 250 1931 Mauritaniam
260 1905 326 1931 secum
341 1891 466 1940 transmittat,
476 1892 532 1944 petit,
541 1891 639 1945 pollicitus
649 1896 693 1945 post
702 1892 786 1932 reditum
795 1891 826 1931 uel
835 1891 885 1944 seip-

109 1958 152 1984 sum
161 1959 206 1985 cum
216 1945 303 1986 Stuoklio
318 1948 339 1986 in
354 1945 453 1987 Iberniam
469 1947 597 1999 trajecturam,
608 1946 639 1987 rel
653 1950 703 1987 carte
713 1947 777 2000 copias
787 1946 885 1986 uberiores

109 1999 199 2040 daturum
208 2000 232 2040 ad
242 2000 361 2041 asserendam
378 2000 430 2041 illam
445 2000 528 2041 insulam
537 2001 558 2041 in
566 2000 680 2042 libertatem.
711 2001 809 2042 Stncklius
819 2000 883 2040 animo

108 2054 234 2095 libentissimo
244 2055 374 2097 conditionem
384 2055 485 2108 accipiens,
495 2056 516 2095 in
526 2054 559 2095 illt
568 2056 669 2097 notissimi
679 2056 733 2097 clade
738 2056 882 2104 Iiusitanorrun,

108 2111 171 2161 gentis
182 2110 265 2164 inclytae,
275 2111 316 2151 una
325 2124 368 2151 cum
385 2110 488 2150 clarissimo
504 2124 549 2163 rege
564 2110 681 2161 Sebastiano,
691 2110 816 2152 barbarorum
825 2111 883 2151 armis

108 2164 205 2205 occubuit.
233 2165 265 2205 Er
275 2167 314 2219 quta
330 2165 384 2206 clade
399 2165 450 2214 Itali,
461 2165 495 2218 qui
509 2164 652 2219 superfuerunt,
662 2166 684 2206 in
694 2166 810 2219 Hispaniam
819 2180 882 2206 rever-

111 2221 179 2259 teritur
187 2237 191 2260 :
207 2234 245 2273 quo
256 2221 315 2261 etiam
324 2220 399 2261 Jaimus
406 2221 447 2274 jam
455 2224 546 2268 veneram
562 2220 596 2272 qui
609 2221 691 2274 receptis
700 2221 756 2261 Italis
766 2220 883 2261 Mauritanae

108 2272 168 2313 cladis
183 2275 325 2327 superstitibus,
335 2279 354 2316 et
369 2274 468 2316 Cantabris
478 2275 543 2327 paucis
551 2289 562 2314 a
571 2289 617 2328 rege
625 2275 730 2324 Catholicc‚
740 2276 810 2316 milites
820 2276 883 2316 octin-

107 2331 176 2380 gentos
185 2329 281 2371 hahebat:
299 2330 377 2385 (quibus
387 2334 410 2370 ut
419 2329 488 2370 author
498 2334 528 2369 est
537 2329 622 2371 Michael
630 2330 654 2370 ab
669 2331 747 2383 Isselto)
759 2330 838 2384 quidam
848 2331 882 2371 Se-

107 2382 206 2424 bastianus
217 2385 255 2425 San
265 2384 363 2440 Iosephus
372 2385 461 2426 tribunus
470 2384 554 2424 militrmr
564 2384 639 2425 Summi
646 2386 745 2427 Pontifiois
752 2385 827 2426 decreto
836 2400 882 2426 con-

107 2437 200 2478 stituitur.
230 2439 268 2480 His
278 2440 300 2480 iri
309 2455 367 2481 naves
378 2455 411 2481 ser
420 2439 521 2493 impositis,
531 2453 576 2479 cum
590 2454 661 2494 magno
667 2444 785 2490 commeatu,
796 2444 882 2481 tormen·
898 2441 899 2445 ’

107 2492 160 2533 tariis
176 2493 341 2544 machinamentis,
358 2495 415 2536 armis
425 2494 449 2535 ad
464 2494 577 2534 instruenda
593 2499 676 2548 quatuor
689 2495 750 2536 millia
765 2495 883 2535 Ibernorrmr

107 2546 183 2588 Jaimus
189 2562 233 2589 cum
240 2549 330 2592 Cornelio
336 2551 432 2605 Episcopo
442 2553 461 2590 et
471 2547 555 2589 Saudero
564 2548 649 2590 Doetcre
659 2564 682 2590 ex
692 2550 787 2604 Hispania
796 2550 816 2590 in
827 2550 882 2591 Iber-

107 2602 159 2643 niam
165 2603 241 2644 solvens
248 2619 340 2659 prospero
346 2620 405 2647 cursu
412 2604 497 2660 peruenit
503 2604 523 2643 in
531 2603 676 2645 Ardnacantum
681 2609 766 2659 portum,
771 2605 804 2658 qui
810 2605 882 2659 Anglis

110 2656 200 2699 Smemuie
209 2664 295 2710 vocatur,
304 2661 360 2714 juxta
368 2661 493 2714 Danguinam
501 2658 615 2712 oppidum.l
636 2658 673 2700 nst
681 2661 703 2700 in
712 2674 734 2700 eo
743 2663 803 2714 portu
812 2675 882 2714 seopu-

106 2710 137 2751 lus
148 2712 244 2765 (Aureum
254 2717 398 2757 munimentum
407 2718 477 2757 uocant
486 2714 560 2766 accola)
571 2714 642 2754 natura
651 2715 697 2754 satis
706 2715 800 2766 munitus,
810 2717 882 2770 partim

106 2766 185 2808 marinis
194 2769 286 2811 fiuctibus
296 2771 374 2821 allutus,
388 2771 459 2825 partim
473 2768 553 2823 rupibus
569 2767 612 2808 altis
626 2770 743 2822 praescissus,
760 2784 805 2812 omn
820 2773 882 2813 conti-

123 2866 138 2915 f
152 2866 272 2905 Fitzmaurice
280 2871 345 2905 lauded
353 2875 371 2905 at
380 2867 600 2911 Smerwiek‚nea1·]]ingle
608 2868 738 2913 (Danguinam)
746 2870 765 2904 in
773 2871 786 2905 J
787 2872 822 2918 uly,
831 2872 881 2914 1579,

107 2910 150 2961 with
157 2913 198 2958 only
205 2915 257 2949 three
265 2917 316 2950 small
325 2917 371 2962 ships
380 2918 415 2950 and
422 2919 445 2949 80
453 2914 531 2948 soldiers.
557 2912 595 2946 The
601 2915 702 2958 expedition
708 2917 765 2950 under
771 2917 807 2951 San
814 2917 882 2962 Joseph

107 2957 178 2989 arrived
185 2963 204 2991 at
211 2960 241 2993 the
249 2972 297 2995 same
305 2963 354 3006 place
362 2967 394 2995 not
402 2961 447 2994 until
457 2960 506 2997 1850,
514 2957 560 2991 after
567 2958 659 2993 the'death
667 2960 687 2993 of
693 2960 819 2997 Fitzmaurice.
834 2964 882 2997 Fere

106 2996 256 3038 etaltera-nox.
283 3006 322 3040 The
330 3008 380 3040 three
388 3007 436 3050 ships
444 3015 490 3039 were
498 3003 550 3037 taken
559 3004 580 3047 by
588 3003 619 3038 the
627 3004 709 3050 English.

219 3051 243 3088 15
