2237 3535
209 404 250 443 MS
350 405 484 445 o'sunnarlnr
498 416 601 443 ursronrAE
616 417 741 455 onrrronrorr,
753 419 800 447 noir.
808 418 840 446 111.
909 405 958 457 [nis.
969 417 985 444 Ι,

209 515 309 567 putruelus
319 515 418 567 Eugenius
427 512 452 553 ob
462 512 606 565 possessionum
613 511 645 564 jus
655 513 751 556 discordes
762 520 821 557 erant.
839 515 864 555 ln
873 513 986 555 Oonnachta

210 569 289 623 Ulligus
299 569 377 609 Burkus
387 567 528 608 Olanrichartlae
535 581 599 608 comes
606 570 710 620 postquam
717 569 814 611 loannem
820 571 897 611 fratrem
907 568 984 616 occidit,

211 625 277 665 multis
287 623 361 664 Ibernis
371 622 432 676 magis
441 622 509 663 invisis
526 636 567 663 non
583 621 640 662 niodo
652 636 693 662 non
703 623 821 665 discessurus
831 625 855 666 ab
865 624 940 677 Anglis,
951 623 985 663 sed

211 680 232 720 in
242 676 421 720 eorumoherlientia
430 677 503 718 multos
513 677 636 718 Connachtos
650 682 798 719 conservaturus
809 680 916 721 videbatur.
944 678 986 718 Al'i

211 734 272 774 Burki
282 733 306 772 de
315 732 483 773 Raunmaculiami
491 733 602 786 principatu
616 732 764 774 contendebant.
786 734 877 787 Lageniae
886 734 985 786 Principes

146 785 202 827 [HS-l
211 787 295 829 Ibernioi
304 787 365 840 magis
375 787 427 828 soliti
436 787 530 828 haereticis
540 801 638 827 occurrere
648 793 703 828 eraut
710 803 733 829 ex
743 792 797 842 parte
807 789 874 842 majori
884 789 962 829 extincti
965 790 982 840 ,ΙΙ

209 842 309 883 Kflldariae
319 857 382 883 comes
393 841 416 882 ab
426 841 549 883 incunabulis
565 841 655 883 haeretica
671 844 757 884 nutritus
772 843 846 883 nullam
854 845 921 896 patriae
931 857 985 897 spem

207 897 312 951 praebebat.
347 897 490 950 Anglo-Iberni
512 897 610 951 principes
626 896 724 951 Lageniae,
745 902 764 939 et
783 897 864 938 Midhiae
883 912 984 952 nunquam

207 951 302 993 sublaturi
317 953 390 993 animos
400 952 522 993 videbantur.
549 952 575 993 In
590 951 671 993 Ultonia
685 953 787 994 Terentius
804 952 899 993 O’Nellus
908 953 985 993 'lironae

206 1008 302 1062 princeps
323 1012 343 1048 et
359 1007 420 1061 Hugo
438 1007 533 1052 O’Nellus
550 1008 625 1048 Tirouae
640 1008 699 1048 titulo
715 1023 779 1049 comes
796 1023 807 1049 a
823 1008 890 1061 regina
909 1011 985 1048 creatus

206 1068 285 1117 propter
301 1063 401 1116 ingentem
416 1062 535 1103 simultatem
549 1066 631 1116 uterque
647 1063 703 1103 alteri
719 1063 814 1113 obstabat,
833 1077 858 1103 ne
877 1063 899 1103 in
908 1062 983 1115 Anglos

206 1118 279 1171 aliquid
288 1118 394 1158 moliretur.
423 1117 456 1158 Ab
467 1117 553 1171 Hugone
563 1117 671 1158 O'Donello
686 1118 799 1159 Tirconellae
808 1117 900 1171 principe,
912 1122 931 1157 et
941 1117 983 1157 aliis

206 1173 292 1213 Ultouiis
309 1187 350 1214 non
363 1172 469 1213 rebellandi
485 1172 561 1214 obsides
577 1173 647 1213 extorti
656 1177 709 1223 sunt,
719 1174 809 1214 vidimus.
838 1172 983 1213 Potentioribus

205 1230 233 1268 ita
243 1228 338 1278 distentis,
349 1233 368 1268 et
377 1227 481 1281 impeditis,
491 1229 556 1269 minus
565 1231 653 1282 potentes
663 1229 706 1281 quis
714 1229 799 1269 crederet
808 1227 881 1281 aliquid
889 1227 982 1268 ausuros?

205 1283 339 1324 Nihilominus
355 1283 424 1337 aliquis
441 1283 557 1324 Ibernorunr
579 1283 689 1337 principum
710 1284 768 1324 timor
784 1283 883 1323 haeretieos
898 1282 981 1330 tenebat,

205 1353 244 1392 quo
260 1342 327 1379 tamen
343 1338 421 1382 minime
437 1338 525 1379 obstante
540 1338 649 1379 truculenta
667 1339 806 1392 persecutione,
823 1352 881 1390 quam
895 1337 983 1390 superius

204 1394 311 1447 tetigimus,
321 1393 379 1434 fidem
389 1394 508 1435 Catholicam
518 1393 663 1448 oppugnabant,
669 1398 737 1447 postea
747 1407 805 1449 quam
813 1393 866 1434 illam
880 1392 901 1433 iu
910 1391 982 1446 Anglio

206 1449 352 1503 extirpavemnt.
