2237 3535
92 397 136 425 car.
152 379 209 431 uun]
311 392 337 419 nu
352 392 416 419 nunno
432 391 549 422 cumnncrn
565 389 674 418 annorum.
824 377 862 416 att

92 489 229 533 sexcentesimo
243 488 300 528 tertio
315 488 338 529 de
352 492 419 542 quarta
433 489 498 542 vigilia
513 502 601 541 egressus
614 487 636 527 in
650 484 802 526 Baebnniamt
818 500 865 538 pag-

92 561 140 589 num
155 546 225 585 sauctae
242 542 348 584 Gubenetae
366 544 454 598 prasidio
474 542 567 583 celebrem
589 546 633 582 ante
653 540 752 581 meridiem
772 541 864 593 pervenit.

92 601 133 642 Ubi
147 596 224 647 milites,
240 612 282 651 quae
297 600 376 652 quisque
392 603 437 639 vota
452 601 581 651 susceperant,
597 596 671 644 solutis,
686 610 736 636 nova
745 598 864 647 nuncupant,

93 657 181 707 donaque
190 652 278 702 offerunt,
287 654 333 694 felir
339 655 375 694 iter
385 654 455 695 Divam
464 656 571 707 precautes.
587 651 642 696 Quos
653 650 699 691 inde
709 650 805 704 profectos
815 650 865 689 Tha-

93 712 128 751 daei
139 708 184 749 Mac
194 707 269 748 Carrhae
278 709 312 749 filii
322 709 428 750 accolarum
437 723 496 749 manu
513 707 592 748 collecta
601 707 737 759 insequuntur,
746 704 826 745 ultimos
836 718 865 744 or-

89 766 143 806 dines
153 762 255 804 missilibus
266 769 369 817 carpentes,
376 764 499 818 propulsiquc
509 763 533 803 ab
544 761 673 803 O’Sullevano
680 759 865 801 alisfulminatornm

88 823 164 868 iterum,
182 822 238 871 atque
254 819 324 859 iterum
340 817 409 860 reuersi
426 818 536 859 velitantur.
566 817 611 862 Quo
622 830 692 870 genere
701 829 772 869 pugnae
783 818 865 867 quatuor

89 877 145 916 horas
161 873 280 913 continenter
297 874 402 924 dimicatur,
420 873 519 914 nonnullis
534 871 746 926 utrinquevulneratis.
774 869 864 922 Denique

89 943 132 971 curn
144 929 184 969 acie
193 929 281 968 universa
290 929 428 969 O'Sullevanns
444 928 531 969 faciendo
541 929 642 982 impetum,
652 926 795 978 nonnullosque
805 925 864 964 inter-

89 983 171 1025 ficiendo
181 983 254 1023 hostem
264 984 325 1036 fugat.
354 984 381 1024 Et
390 984 458 1037 viginti
468 987 551 1037 quatuor
565 983 647 1023 millium
664 995 757 1036 passuum
767 980 832 1033 spacio
842 994 864 1020 eo

90 1040 120 1080 die
129 1041 225 1078 transacto
234 1039 255 1078 in
265 1037 384 1084 O'Kimbhn
399 1038 475 1091 populo,
485 1040 594 1092 vespertino
601 1037 713 1091 crepusculo
723 1036 791 1076 statuit
801 1034 863 1075 taber-

89 1093 163 1134 nacula.
192 1093 283 1133 Excubiis
299 1094 394 1146 dispositis
409 1107 488 1146 corpora
497 1094 529 1133 via
538 1094 621 1146 fatigata
627 1092 697 1132 milites
707 1091 767 1145 quieti
776 1090 862 1131 tradunt.

90 1149 145 1193 Quos
163 1147 231 1188 accolae
246 1152 323 1188 noctem
338 1152 399 1188 totam
415 1148 526 1201 ejaculando
540 1149 601 1201 magis
611 1147 704 1196 molestia,
715 1156 772 1199 quam
782 1145 862 1186 vulnere

90 1204 181 1244 afficimrt.
210 1202 277 1243 Fames
294 1217 370 1256 quoque
384 1203 506 1242 vehementer
519 1206 607 1250 macerat,
618 1203 663 1255 quia
672 1206 714 1242 toto
725 1201 755 1241 die
765 1200 814 1241 nihil
824 1200 855 1241 cib

90 1262 185 1312 ceperant,
201 1262 314 1307 commeatu,
331 1272 386 1310 quem
404 1258 425 1297 in
441 1271 503 1297 unum
516 1262 592 1297 tanturn
610 1257 660 1297 diem
676 1259 804 1310 portaverant,
815 1270 862 1296 con-

90 1317 175 1366 sumpto.

116 1368 212 1421 Sequente
228 1367 270 1407 luce
286 1365 425 1406 O’Sullevanus
442 1366 523 1405 militem
539 1380 573 1419 per
589 1366 642 1406 vallis
664 1366 755 1405 Junccsae
778 1365 862 1405 radicem

88 1422 219 1463 Lomnacnam
228 1436 294 1462 versus
304 1420 371 1460 urbem
381 1424 451 1468 mouet,
461 1421 500 1473 qua
509 1435 550 1460 non
566 1420 633 1473 procul
648 1420 671 1460 ab
688 1420 757 1460 itinere
771 1423 811 1459 erat
821 1420 862 1459 Au-

89 1477 165 1529 glorum
171 1476 282 1530 praesidium
287 1475 377 1529 prefecto
383 1475 445 1524 Cuffo,
453 1489 498 1514 cum
508 1489 552 1527 quo,
560 1480 578 1514 et
586 1474 717 1515 subiectorum
726 1480 790 1514 coacta
796 1489 862 1523 mauu,

89 1532 152 1571 Barrii
161 1531 276 1572 vicecomitis
286 1544 346 1583 nepos
356 1530 426 1570 uadum
440 1529 525 1569 fluminis
539 1529 667 1570 C'Sulleuano
683 1529 824 1569 transeundum
833 1543 863 1569 oe-

89 1590 153 1639 cnpat.
181 1585 211 1625 De
221 1585 269 1625 vado
280 1584 337 1633 ultrb,
348 1584 434 1637 citrbque
450 1584 517 1624 horam
534 1585 609 1625 circiter
624 1598 683 1624 uuam
701 1583 783 1636 globulis
797 1584 864 1636 ignitis

89 1641 197 1681 dimicatur.
225 1640 310 1680 Demum
320 1639 387 1679 Cuffus
396 1640 460 1680 locum
474 1639 565 1689 deserere,
576 1639 703 1693 compellitur.
732 1639 758 1679 In
767 1653 789 1679 ea
798 1653 864 1692 pugna

89 1710 112 1735 er
129 1694 233 1735 Catholicis
248 1694 358 1735 ceciderunt
375 1699 470 1747 quatuor5
494 1695 543 1747 regii
559 1695 623 1748 plures
640 1693 789 1742 succubuerunt,
807 1694 864 1734 multi

89 1750 200 1790 vulneribus
210 1754 255 1789 sunt
265 1749 333 1798 affecti,
343 1754 363 1789 et
372 1750 436 1802 plures
453 1750 517 1789 forsan
532 1750 622 1802 perirent,
641 1749 728 1802 quamvis
742 1749 813 1788 fuerint
827 1763 863 1789 nu-

88 1820 141 1845 mero
147 1805 259 1858 superiores,
267 1804 306 1844 nisi
316 1803 418 1844 Catholicis
429 1804 519 1853 obstaret,
530 1819 554 1845 ne
565 1819 597 1844 eos
607 1805 753 1857 insequerentur
763 1803 832 1853 inedia,
844 1808 863 1844 et

88 1860 188 1904 lassitudo.
217 1859 311 1899 Catholici
327 1859 366 1898 suis
383 1860 464 1899 mortuis
480 1859 560 1912 sepultis
575 1860 648 1899 saucios
658 1859 730 1899 lecticis
746 1858 862 1898 militaribus

89 1915 167 1955 alternis
177 1913 249 1954 vicibus
259 1917 357 1967 portantes
367 1928 389 1953 eo
405 1913 436 1953 die
445 1914 525 1967 triginta
538 1914 623 1954 millibus
633 1927 726 1967 passuum
732 1913 768 1953 iter
777 1913 833 1953 factis
841 1914 862 1954 iu

88 1969 130 2010 loco
141 1969 199 2018 inani,
210 1973 229 2008 et
238 1969 317 2021 ingente
332 1967 435 2008 solitudine
444 1973 498 2009 vasto
506 1969 562 2021 juxta
575 1969 665 2019 Aharlaess
677 1968 738 2021 sylvas
747 1968 862 2021 intempesta

89 2028 145 2064 nocte
161 2026 236 2077 ponunt
252 2023 327 2070 statiua,
343 2036 382 2075 prae
395 2023 451 2071 farne,
467 2022 587 2072 lassitudine,
603 2037 670 2063 somno
680 2023 754 2076 vigilias
764 2037 820 2075 agere
830 2024 862 2063 uir

89 2079 211 2118 sustinentes.
240 2077 356 2129 Iusequente
366 2077 403 2126 die,
414 2091 458 2118 cum
473 2093 493 2118 se
508 2077 643 2130 leguminibus,
654 2082 673 2117 et
681 2092 730 2130 aqua
744 2078 861 2127 refecissent,

89 2138 134 2173 ante
141 2133 186 2173 solis
196 2135 259 2171 ortum
268 2135 320 2171 recto
330 2132 398 2171 itinere
407 2132 496 2173 tendunt.
527 2133 587 2172 Solito
592 2147 645 2172 inore
652 2133 720 2173 incolae
725 2132 861 2185 insequuntur,

88 2187 193 2235 Cibbones,
204 2187 274 2239 equitis
288 2187 357 2227 Aurati
366 2186 413 2227 Albi
422 2187 506 2236 obaerati,
516 2186 633 2227 Lomnaohae
645 2186 698 2227 urbis
708 2187 782 2236 accolae,
800 2188 861 2241 Angli

87 2243 150 2295 pauci,
165 2256 243 2282 numero
262 2241 340 2294 quidem
354 2241 424 2294 plures,
434 2243 462 2282 rei
471 2248 537 2283 tamen
550 2242 638 2282 militaris
652 2243 717 2282 minus
731 2242 810 2296 experti,
820 2258 861 2283 non

88 2297 135 2347 acie,
145 2296 178 2336 sed
187 2296 272 2336 tumultu
281 2297 423 2336 contendentes
439 2298 511 2338 Tamen
521 2297 617 2347 audacter,
628 2301 647 2337 et
656 2297 744 2337 ferociter
753 2298 861 2351 confligunt

87 2351 108 2390 in
118 2351 177 2404 prius,
188 2353 207 2390 et
215 2352 311 2403 posterius
327 2366 402 2404 agmen,
419 2356 438 2391 et
453 2352 596 2406 impedimenta,
612 2367 655 2405 quae
669 2352 732 2392 media
748 2352 861 2405 agebantur,

88 2405 146 2445 simul
162 2406 306 2458 impressionem
322 2406 418 2446 facientes.
454 2407 528 2448 Ferreis
545 2407 645 2460 catapultis
662 2408 752 2459 utrinque
770 2411 860 2449 certatur.

87 2461 135 2501 Tam
152 2460 206 2500 densi
215 2460 338 2513 globulorum
351 2460 421 2501 imbres
436 2462 583 2515 circumquaque
593 2463 680 2512 volitant,
691 2469 713 2502 ut
726 2462 860 2513 O’Sullevano,

112 2601 120 2617 '¹
133 2600 268 2645 Ballyvourney,
277 2613 288 2634 a
298 2600 354 2645 valley
368 2601 394 2634 six
406 2600 455 2633 miles
469 2605 513 2634 west
527 2601 548 2634 of
558 2602 655 2635 Macroom.
681 2601 720 2635 The
729 2603 776 2635 Four
785 2603 862 2637 erasure

89 2645 140 2678 malie
148 2646 183 2678 this
192 2645 221 2679 the
229 2647 267 2679 first
275 2646 340 2690 night's
349 2646 392 2685 halt,
400 2657 417 2690 p.
427 2648 477 2679 2313.

111 2692 121 2731 †
134 2691 206 2735 Barony
215 2691 236 2724 of
245 2691 345 2725 Duhallow.

111 2736 121 2776 ‡
135 2735 174 2768 The
179 2736 234 2769 battle
239 2736 282 2769 with
287 2737 318 2769 the
326 2736 397 2770 Barries
405 2747 440 2769 tuas
448 2735 516 2780 fought,
526 2735 621 2779 according
629 2740 647 2768 to
656 2735 686 2768 the
695 2736 763 2769 Pacata
771 2738 861 2781 Hibernia,

88 2789 105 2821 p.
116 2782 156 2819 658,
164 2792 207 2814 near
215 2782 318 2814 Liscarroll.
343 2782 362 2814 lt
369 2782 384 2814 is
391 2786 423 2814 not
430 2781 514 2824 probable
523 2780 567 2818 that,
576 2780 622 2812 after
630 2781 673 2813 such
682 2792 693 2813 a
700 2787 774 2822 contest,
785 2783 861 2818 O'Sulli-

87 2834 121 2856 van
130 2826 182 2858 could
190 2827 250 2860 march
258 2827 288 2859 the
303 2838 349 2860 same
357 2827 390 2871 day
399 2838 417 2859 so
430 2825 457 2858 far
470 2837 489 2858 as
500 2825 584 2858 Alrarlow
592 2825 648 2863 wood,
658 2825 715 2858 which
728 2838 763 2860 was
775 2840 818 2862 near
831 2831 862 2863 the

88 2871 136 2900 town
144 2870 163 2903 ot
175 2871 279 2916 Tipperary.
304 2872 341 2906 The
351 2872 480 2905 FourMasters
488 2874 533 2903 state
547 2869 587 2902 that
600 2870 630 2903 the
639 2870 672 2903 end
684 2871 704 2904 of
714 2872 745 2905 the
753 2873 803 2906 third
815 2875 862 2914 day's

89 2914 150 2989 {angla
163 2927 197 2949 uas
212 2917 327 2962 Ardpatriclr,
340 2918 358 2950 in
372 2917 402 2950 the
416 2916 481 2960 barony
490 2915 511 2948 of
522 2914 602 2954 Coshlea,
614 2920 678 2961 countp
692 2916 712 2950 of
722 2912 861 2964 timenda-lp.
