2237 3535
190 385 216 423 ld
325 383 459 422 o'sunnuvanr
476 390 577 418 rnsronnn
593 390 817 427 onruonrom‚rou.11.
874 379 924 431 [nm.
937 389 962 416 rr.

189 493 243 546 perio
252 506 352 546 nunquam
362 503 401 531 sese
418 487 556 536 subduxerint3
571 500 633 539 neque
649 486 706 528 hodie
722 488 837 537 subducant,
848 502 891 529 cum
901 500 963 542 perse-

191 548 244 588 cutio
261 552 290 588 est
306 545 363 598 longe
378 542 460 583 manuue
474 543 577 583 vehemens
592 545 612 582 et
622 545 682 582 atrox.
711 542 771 587 duod
780 544 895 595 praestantis,
906 546 963 594 atque

191 617 238 696 parce
252 602 296 643 fidei
312 601 390 654 signum
399 602 428 638 est
443 599 590 652 apertissimum,
601 597 632 638 vel
645 597 725 638 Nasone
738 597 800 637 Poeta
809 600 918 647 attestante,
928 596 964 637 sci-

199 658 243 697 icet.

351 733 379 766 Ut
386 732 455 765 fulvum
463 735 553 776 spectatur
561 730 579 763 in
587 730 657 774 ignibus
666 743 739 766 aurum:

352 778 441 821 Tempore
449 777 474 810 sic
484 776 528 809 duro
537 780 564 809 est
572 775 673 819 aspicienda
684 777 733 811 fides.

192 859 241 903 Quae
249 857 351 898 bominum
360 855 413 903 fides,
422 853 496 908 religio,
505 853 612 894 constantia
618 856 689 906 quanta
699 853 729 902 sit,
740 853 799 906 qnam
807 851 902 906 praeclara,
910 850 964 898 mira,

191 927 286 966 supraque
302 911 412 951 mortalium
427 909 477 950 vires
493 909 573 949 historia
589 922 672 961 praesens
689 908 714 948 ob
728 909 794 948 oeulos
804 911 904 960 proponet.
932 905 965 946 Ad

192 969 247 1021 cujus
257 967 361 1008 faciliorem
378 964 508 1017 cognitionem
521 964 607 1012 interest,
617 962 731 1003 utbreviter
741 963 864 1015 attingamus,
875 960 966 1015 quemad-

191 1023 270 1064 modum
280 1022 361 1061 haereses
371 1020 474 1068 hodiernae,
483 1018 552 1071 operibns
558 1032 629 1071 magna
634 1032 677 1071 pars
687 1018 771 1070 Iluropae
781 1018 848 1070 flagrat
857 1020 908 1057 natae
919 1016 964 1063 sint,

192 1083 211 1118 et
220 1077 312 1131 Angliam
321 1075 432 1116 invaserint.
460 1074 518 1114 Unde
531 1072 650 1114 manifestius
660 1072 765 1127 apparebit,
776 1071 871 1125 quomodo
880 1071 902 1111 in
911 1070 965 1111 Iber-

191 1134 243 1173 riam
252 1134 347 1186 impetum
355 1130 442 1171 fecerint.

524 1331 581 1372 GAP.
597 1331 627 1372 II.

241 1447 360 1493 Tempestatis
374 1446 428 1490 hujus
441 1447 515 1480 haereses
524 1446 670 1498 quemadmodum
678 1446 791 1491 Religionem
804 1446 922 1481 Christianam

523 1496 624 1525 invaserint.

193 1573 304 1613 Maurmms
328 1569 426 1610 Lutherus
455 1569 513 1610 homo
540 1568 632 1622 perditus,
661 1573 718 1622 atque
740 1570 847 1623 flagitiosus
869 1570 967 1624 religionis

192 1629 305 1668 institutum
322 1625 416 1673 deserens,
433 1626 453 1663 et
469 1624 517 1663 thas
534 1624 582 1663 duas
599 1637 622 1663 ex
638 1624 726 1676 rehgiosb
739 1625 840 1678 religiosus
855 1626 966 1678 suscipione,

193 1682 306 1724 execrabiles
317 1683 375 1732 atque
384 1678 491 1718 mortiferas
506 1678 587 1718 haereses
593 1678 665 1731 populo
672 1679 780 1720 Christiano
786 1680 898 1733 persuadere
904 1680 966 1733 caepit.

193 1738 237 1783 Quo
247 1736 320 1779 nefario
333 1737 394 1788 caepto
404 1733 483 1773 minime
493 1733 572 1782 destitit,
583 1733 641 1773 etiam
654 1735 848 1775 excommunicatione
857 1735 967 1775 verberatus

194 1793 279 1834 aLeone
289 1791 310 1831 X
319 1789 413 1830 Pontifice
423 1788 509 1837 Summo,
520 1802 570 1828 anuo
587 1787 713 1829 IIDXVIII.
729 1803 791 1842 usque
807 1789 831 1829 ad
848 1789 967 1838 MDXLVI,

194 1862 232 1901 quo
249 1846 313 1887 subita
329 1847 390 1885 morte
406 1843 443 1883 fuit
460 1847 532 1897 raptus.
559 1841 591 1883 Ab
602 1843 639 1882 hoc
655 1844 721 1896 ignem
735 1845 818 1884 ecclesiae
828 1844 866 1884 Dei
874 1845 968 1899 injectum

194 1903 285 1943 Calvinus
296 1904 315 1940 et
331 1899 363 1939 alii
373 1902 472 1947 auuermrt,
483 1897 553 1950 quibus
569 1912 589 1938 se
606 1897 679 1938 socium
695 1899 779 1952 praebuit
796 1898 891 1939 Henricus
906 1899 968 1938 VIII.

194 1957 271 2010 Angliae
280 1969 314 1996 reu
324 1954 411 1993 deserens
426 1956 565 1992 sacrosanctam
582 1952 654 1992 Christi
670 1954 788 2007 religionem,
799 1968 833 2007 pro
849 1955 886 2007 qud
901 1958 968 1994 contra

193 2013 302 2053 liutherum
312 2014 368 2049 antea
377 2007 448 2048 librum
459 2008 564 2060 scripserat.
587 2007 631 2047 Hae
640 2008 761 2049 horribilium
771 2009 968 2061 atqueTartarearum

195 2067 308 2121 opinionum
317 2064 381 2104 facult
390 2077 423 2116 per
433 2062 468 2103 hos
483 2061 616 2102 haeresiarchas
633 2064 717 2112 aceensa,
733 2064 797 2104 omnia
813 2062 852 2103 fere
865 2063 969 2103 Christiani

194 2123 245 2163 orbis
260 2135 326 2174 regna,
342 2118 373 2159 vet
389 2118 468 2158 omnino
483 2116 514 2157 vel
528 2117 599 2169 magnb
615 2120 668 2169 parte
684 2123 777 2167 arserunt,
795 2118 811 2157 si
827 2117 889 2158 solum
905 2118 969 2158 demas

193 2178 277 2226 Italiam,
288 2174 409 2228 Hispaniam,
419 2172 493 2221 Indias,
501 2172 524 2212 ad
531 2186 578 2224 quas
588 2175 617 2211 est
627 2185 688 2225 nuper
693 2173 739 2212 fides
746 2172 842 2221 translata,
853 2176 968 2227 ceterasque

194 2233 244 2286 regis
255 2230 355 2284 Hispaniae
366 2229 453 2276 ditiones,
465 2241 512 2281 quas
522 2226 656 2279 Hispanorum
666 2228 779 2277 constantia,
786 2227 859 2280 religio,
869 2228 940 2268 ferrum
947 2228 969 2268 in

195 2288 264 2339 officio,
274 2286 318 2334 fide,
329 2289 348 2324 et
358 2283 475 2336 Apostolioae
483 2282 533 2322 sedis
541 2281 651 2322 obedientia
661 2282 763 2321 continuit.
792 2281 822 2322 Ob
830 2283 865 2323 bas
874 2297 968 2323 novorum

195 2343 308 2396 dogmatum
318 2338 450 2386 dissensiones,
468 2341 525 2390 atque
539 2335 709 2391 perturbationem,
720 2337 814 2390 principes
824 2337 847 2377 ad
857 2352 909 2379 arma
919 2338 969 2378 exci-

195 2402 273 2438 tantur:
289 2396 378 2436 oriuntur
395 2393 449 2442 bella,
460 2392 526 2446 praelia
536 2395 625 2433 cruenter
639 2392 791 2441 committuntur,
802 2393 895 2433 exercitus
905 2393 968 2433 delen-

196 2457 234 2502 tur,
244 2450 364 2504 magnanimi
370 2448 427 2488 duces
437 2447 557 2497 occiduntur,
568 2446 639 2500 oppida
649 2450 669 2486 et
678 2461 729 2486 arces
736 2451 876 2500 expugnantur,
883 2449 969 2489 civitates

195 2512 214 2548 et
224 2506 337 2561 respublicae
354 2505 471 2551 evertuntur,
487 2517 546 2555 regna
562 2501 683 2549 exciduntur,
699 2515 774 2541 summa
783 2506 801 2542 et
810 2507 848 2543 ima
857 2504 968 2543 miscentur.

196 2563 312 2603 Caeterarum
330 2559 416 2613 gentium
431 2572 522 2611 prospera
536 2556 566 2597 vel
583 2556 662 2596 adversa
678 2556 727 2596 iacta
737 2571 748 2596 a
757 2557 811 2597 claris
820 2558 902 2611 ingeniis
918 2557 970 2597 felici

198 2618 246 2671 stylo
264 2616 347 2664 condita,
363 2612 439 2654 aeternis
454 2613 561 2653 litterarum
577 2611 708 2651 monumentis
722 2612 811 2653 mandata
826 2616 968 2652 memorantur:

197 2672 278 2713 Iberniae
288 2670 348 2711 solius
364 2683 400 2718 res,
417 2681 460 2720 quae
477 2668 569 2708 imotenus
583 2664 698 2705 intenebris
708 2666 828 2717 delitescunt,
839 2667 863 2707 ab
873 2667 969 2708 oblivione

197 2727 296 2767 hominum
307 2728 327 2765 et
336 2724 416 2764 interitu
426 2723 531 2763 vindicatas
545 2723 566 2762 in
575 2721 639 2760 lucem
648 2723 668 2759 et
677 2720 727 2762 orbis
741 2726 835 2763 terrarum
845 2725 969 2775 conspectum

195 2781 279 2836 proferre
287 2784 377 2821 nostrum
386 2781 414 2818 est
430 2778 548 2818 institutum.
578 2775 610 2815 acl
625 2787 704 2827 querum
717 2791 781 2818 rerum
789 2776 936 2829 intelligentiam
945 2777 969 2817 de

195 2837 282 2877 -Hemico
292 2834 354 2875 VIII.
370 2833 446 2887 angliae
462 2847 507 2886 rege
523 2829 635 2872 calamitatis
647 2829 704 2884 hujus
720 2834 806 2881 authore,
822 2832 901 2885 ejusque
918 2832 968 2881 filiis,

196 2890 395 2940 armamentarium
410 2888 524 2929 hlizaheaha
530 2905 537 2938 ;
552 2889 571 2927 et
587 2885 600 2924 J
601 2883 660 2926 accho
675 2887 731 2928 etiam
745 2902 806 2942 pauca
816 2887 928 2940 generaliter
938 2888 969 2928 hic

143 2944 410 3013 [ffffiperstringendasuntll
