2237 3535
105 415 149 443 car.
160 399 199 453 vn]
320 413 430 442 nnnsrrcrr
445 412 571 441 rrunnnnrrs
587 413 666 441 summi.
851 406 888 443 83,

105 515 166 551 errata
175 510 306 562 corrigamus:
321 511 391 562 posteri
401 511 495 565 majorum
506 523 585 550 suorum
595 509 652 549 ruine
661 510 723 551 territi
733 511 815 551 aversari
824 511 876 561 vitia,

104 566 185 606 virtutes
204 565 265 605 colere
285 563 368 606 discant:
390 570 460 607 exterae
489 568 556 619 gentes
575 563 691 604 Ibernorum
710 566 799 620 exemplo
818 571 877 606 motae

104 621 185 661 timeant
203 619 296 660 Numinis
312 621 359 660 nam
374 635 489 674 provocare:
506 622 525 659 et
544 633 587 672 quae
604 619 645 672 jam
659 624 817 673 provocaverunt,
837 621 876 661 cito

103 675 231 730 penitentiam
240 679 304 728 agant.
314 675 365 716 Nam
374 677 424 726 licet,
436 675 510 717 inerint
519 673 591 723 Iberni,
602 674 667 723 animi,
678 677 801 730 corporisque
808 675 877 716 robore

103 734 223 785 praestantes,
233 731 260 770 rei
276 730 361 771 militaris
377 731 462 772 scientiae
478 729 540 784 periti,
550 729 572 770 in
587 728 638 770 bello
655 735 771 781 constantes,
781 731 802 772 in
812 731 877 784 preliis

103 786 174 835 felices,
195 789 214 825 et
229 785 316 826 steterint
330 785 353 826 ab
370 787 479 840 aequissima
495 785 563 826 causa:
578 788 649 834 tamen,
666 786 718 838 qnod
736 787 776 827 suis
793 787 877 839 peccatis

103 841 168 882 Deum
177 840 253 890 iratum,
264 844 283 880 et
291 841 386 882 infensum
400 841 517 890 habuerunt,
526 839 614 880 hostibus
625 838 765 893 saepenumero
775 841 836 890 victis,
846 841 876 881 in-

103 896 167 936 fausto
184 898 254 935 eventu
267 894 314 936 belli
328 896 407 937 victores
424 896 508 949 denique
522 895 569 936 victi
584 894 734 946 succubuerunt,
745 897 778 937 alii
794 895 817 936 ab
834 896 877 940 aliis

103 950 218 1004 impugnati,
228 954 247 991 et
262 951 370 1005 profligati:
385 951 513 992 constitutum
523 951 573 990 enim
584 954 618 1000 est,
628 954 651 990 ut
662 965 718 992 omne
728 966 811 1006 regnum
820 951 841 991 in
855 965 876 991 se

104 1005 187 1046 divisum
204 1005 304 1047 desoletur.
333 1006 402 1060 Neque
418 1006 471 1046 enim
484 1006 544 1046 rarius
559 1005 610 1045 inter
625 1006 678 1058 ipsos
689 1006 789 1048 Hibernos
803 1005 876 1047 bellum

104 1060 206 1110 oriebatur,
217 1075 273 1114 quam
283 1060 306 1102 ab
323 1061 393 1102 eisdem
409 1075 454 1114 cum
469 1060 538 1114 Anglis
550 1060 657 1113 gerebatur.
687 1062 781 1116 Dumque
791 1061 876 1102 Hiberni

103 1119 122 1156 et
132 1115 193 1169 Angli
201 1115 343 1169 belligerabant,
354 1115 437 1156 Hiberni
453 1115 538 1168 plerique
547 1118 610 1168 partes
620 1116 728 1169 Anglorum
741 1118 771 1170 (est
781 1116 874 1157 111111111-

104 1172 162 1220 sanit,
173 1175 193 1211 et
209 1172 293 1212 caecitate
309 1170 386 1223 mentis)
405 1169 540 1223 sequebantur,
555 1183 617 1222 nsque
633 1171 657 1210 aa]
672 1171 722 1213 illud
737 1186 836 1226 magnum,
854 1174 874 1211 et

103 1226 215 1266 acerrimum
230 1225 307 1266 bellum.
321 1226 342 1265 in
358 1239 395 1278 quo
411 1226 468 1265 etiam
485 1224 547 1263 minor
563 1238 607 1276 pars
622 1224 754 1268 Hibernorum
769 1227 793 1267 ab
803 1226 873 1279 Anglis

103 1281 177 1321 defecit.
207 1280 265 1324 Quod
274 1281 354 1320 inferius
370 1278 419 1319 fuse>
428 1277 550 1318 docebimus:
566 1282 586 1317 et
595 1278 665 1331 quibus
675 1280 699 1319 de
708 1282 770 1322 causis
779 1281 874 1322 Catholici

101 1336 172 1376 luerint
181 1336 236 1384 moti,
246 1338 265 1375 et
282 1334 363 1387 decepti,
372 1337 396 1373 ut
412 1336 479 1374 contra
489 1332 597 1372 Oatholicos
614 1332 708 1374 haereticis
725 1350 781 1389 opem
795 1336 872 1376 ferrent.

103 1391 124 1431 si
140 1391 192 1430 enim
211 1403 277 1429 omnes
294 1388 377 1429 Hiberni
392 1388 415 1428 in
431 1387 507 1441 Anglos
521 1386 668 1440 conspirassent,
683 1389 723 1429 ullo
742 1391 783 1431 sine
792 1391 873 1443 negocio

102 1448 181 1499 possent
196 1443 329 1484 hereticorum
343 1443 412 1497 jugum
427 1442 533 1483 cervicibus
549 1441 655 1483 discutere:
670 1448 693 1483 ut
702 1445 763 1498 Angli
776 1445 814 1497 ipsi
822 1459 873 1485 corn-

102 1500 157 1540 muni
173 1499 283 1539 assensione
299 1499 388 1539 latentur.
405 1498 455 1540 Haec
470 1497 494 1538 (11
510 1497 647 1550 persecutione,
664 1499 760 1553 rebusque
775 1499 874 1540 Hiberniae

102 1554 216 1607 generaliter
233 1553 323 1604 diximus,
340 1557 363 1594 nt
379 1569 406 1604 ea,
423 1569 466 1607 quae
481 1552 581 1593 scribenda
598 1560 707 1607 supersunt,
717 1555 793 1596 facilius
806 1555 876 1596 intelli-

103 1613 179 1663 gantur.
