2237 3535
207 896 319 957 DOllllll
335 896 476 955 PHILIPPl
498 895 697 957 o’sumarlrr
724 895 842 954 aarum
866 895 979 970 rualli,

326 1040 458 1073 COMPENDII
469 1040 587 1073 HISTORIAE
598 1040 741 1074 OATHOLICAE
751 1040 860 1072 IBER-NIAE,

471 1156 564 1197 Tellus
586 1156 709 1197 TERTIUS.

206 1283 350 1323 Mmronnarnn
363 1280 436 1321 bellum
451 1295 494 1321 snm
512 1282 619 1336 scripturus
634 1281 721 1322 amultis
731 1281 806 1322 lbernis
817 1296 861 1322 eum
870 1281 984 1332 Elinabellrt

205 1338 281 1391 Angliae
300 1338 368 1390 regind
386 1351 422 1390 pro
441 1336 545 1377 Catholicae
564 1337 663 1391 religionis
681 1336 770 1377 libertate
789 1352 800 1377 a
818 1337 914 1391 principio
930 1337 983 1377 Anni

205 1391 391 1433 MDLXXXVIH.
402 1391 426 1432 ad
436 1391 538 1432 MDOHI.
549 1406 582 1445 per
599 1406 660 1432 armos
674 1392 713 1432 lere
723 1392 836 1445 quindeeem
845 1396 929 1446 gestum,
945 1406 983 1444 quo

206 1448 314 1488 nonmodo
333 1447 412 1487 ibernia
430 1450 473 1487 tota
491 1447 529 1487 fuit
548 1447 626 1500 penitus
646 1447 744 1488 devastata
761 1452 780 1488 et
795 1447 864 1497 excisa,
875 1447 909 1488 sed
926 1447 982 1487 etiarn

206 1503 295 1556 Anglieae
304 1501 411 1543 nobilitatis
421 1502 457 1542 fios
468 1501 548 1550 deletus
559 1503 672 1555 magnisque
681 1502 760 1552 viribus,
771 1503 803 1543 sed
821 1503 870 1543 odiis
879 1502 983 1556 majoribus

207 1558 326 1607 dimicatum,
347 1557 400 1610 atqui
420 1555 490 1610 saepiirs
505 1557 551 1597 vieti
569 1558 601 1610 qui
621 1557 721 1598 vicerunt:
743 1570 786 1611 quae
805 1572 835 1598 res
854 1557 911 1598 variis
930 1557 983 1597 libris

207 1613 316 1666 digerendae
326 1615 378 1652 sunt.

457 1880 528 1922 Tolli
550 1881 590 1922 ΙΠ,
613 1881 697 1923 LIBER
711 1884 728 1924 Ι.

442 2000 470 2033 De
479 1999 530 2032 Bello
539 1999 643 2043 quindeeem
651 2010 743 2033 annorum.

204 2113 280 2153 Pennis
295 2108 397 2159 utriusque
413 2105 517 2146 dimicandi
534 2104 635 2145 facultates
654 2109 673 2145 et
693 2110 801 2159 apparatus,
821 2108 920 2161 totiusque
937 2109 980 2150 bell'

204 2180 297 2207 summam
308 2164 346 2204 lroe
355 2162 404 2202 libro
415 2159 526 2201 describam.

548 2440 605 2482 OAP.
622 2440 640 2482 I.

371 2562 426 2601 Quia
434 2561 507 2607 Reginae
515 2563 596 2607 partibus
605 2563 694 2603 steterint
703 2564 812 2604 referuntur.

203 2668 292 2709 Vrrunus
303 2665 385 2708 maxime
396 2665 503 2720 disparibus
514 2670 542 2707 est
557 2666 697 2719 belligeratum.
726 2669 824 2727 Principio
833 2690 869 2729 pro
879 2680 945 2732 regind
960 2688 979 2724 el

203 2724 243 2776 eius
261 2722 384 2777 dogmatibus
401 2722 530 2776 propagandis
547 2722 607 2762 totius
623 2721 706 2775 Angla,
724 2725 807 2769 haeretiei
823 2733 878 2785 regni
894 2739 980 2781 potentia

203 2778 270 2819 stabat.
300 2777 349 2819 llam
360 2778 416 2817 etiam
427 2778 473 2817 totis
484 2776 556 2817 viribus
565 2776 675 2829 adjuvabat,
685 2778 717 2819 illa
726 2794 769 2833 pars
779 2783 868 2836 Iberniae,
880 2780 923 2841 quae
934 2791 979 2834 diei-

203 2832 346 2887 inunguere
356 2832 386 2873 rel
403 2832 486 2886 Angliea
502 2831 607 2885 prouincia,
619 2831 674 2883 cujus
690 2834 774 2890 plerique
784 2839 852 2882 inoolae
861 2857 902 2883 non
917 2846 978 2889 solum

204 2901 227 2927 er
236 2888 307 2941 Angue
317 2888 398 2928 trahunt
409 2888 508 2941 originem,
517 2887 550 2926 sed
561 2886 618 2926 etiam
628 2886 734 2940 Arrglorum
746 2907 852 2937 sermonem
863 2899 898 2938 etsi
909 2905 978 2944 marrrrd

202 2946 257 2997 parte
265 2942 333 2983 rudem
343 2947 362 2983 et
372 2948 462 2992 retorem,
473 2942 524 2995 leges
535 2945 554 2981 et
569 2941 658 2982 instituta
668 2952 772 2999 servarunt,
789 2955 916 3007 praeterquam
927 2934 977 3011 qdod
