2237 3535
126 366 169 395 oar.
181 355 237 407 vnn]
305 366 392 395 inunum
401 367 499 399 cucurcna
510 368 536 395 aa
546 366 622 395 anonis
632 366 730 395 carnum.
869 350 894 395 [tl

123 463 151 504 las
160 464 198 505 fide
208 464 310 505 christiana
318 464 421 506 illustratas
428 464 452 506 ad
459 466 493 519 jus
503 465 552 506 sedis
560 463 677 518 Apostolicae
686 463 788 517 pertinere,
799 476 833 503 cur
842 476 894 503 nunc

123 520 194 560 summi
202 519 298 573 pontificis
305 520 344 573 jus,
354 524 466 573 potestatem
476 524 496 561 et
505 520 613 573 imperium,
623 524 663 559 tam
673 520 695 559 in
704 518 787 559 insulam
796 517 895 558 Britanni-

122 588 160 624 am,
171 588 234 627 quam,
245 574 349 624 Iherniam
358 575 418 629 Angli
426 576 514 629 negant?
543 574 593 615 Cum
601 587 661 627 penes
670 574 769 614 Christum
778 572 893 622 Dominum,

122 629 164 682 ejus
173 630 266 670 vicarium
274 630 296 669 in
305 633 361 680 terra,
370 630 449 672 Petrum
458 635 478 671 et
487 631 545 685 hujus
555 642 673 670 successores
682 628 780 669 Romanos
789 628 894 668 Pontifices

121 684 141 724 in
151 684 225 724 insulas
238 688 258 724 et
271 685 400 726 continentem
416 686 480 735 simul,
488 685 522 739 jus
532 699 578 734 esse,
593 684 767 737 compertissimum
779 684 811 724 sit.
840 682 893 723 Hinc

120 738 181 792 igitur
190 737 288 792 ignorabit
296 753 352 781 nemo
361 740 458 782 Iberniam
468 755 509 781 non
516 741 564 794 jure,
580 738 614 780 sed
627 739 699 792 injuria
712 743 732 780 et
741 739 849 780 narratione
859 739 894 778 mi-

121 794 173 834 nime
182 808 228 834 vera
236 794 295 836 fuisse
304 795 386 849 primum
396 796 419 837 ab
433 796 504 849 Anglis
514 795 617 836 obtentam.
633 793 698 835 Unde
706 794 769 835 Divus
778 793 894 834 Laurentius

121 847 231 898 O'Tuathil
255 848 372 891 Dubhlinnae
395 852 556 906 Archiepiscopus
579 851 641 891 fertur
664 863 761 891 summum
780 848 893 889 Pontificem

120 902 202 954 adiisse;
217 904 242 944 ad
248 904 303 945 illum
311 920 352 946 rem
360 907 460 956 retulisse,-
475 906 500 947 ab
510 921 532 947 eo
540 906 653 959 impetrbsse
667 904 758 958 diploma,
770 918 807 957 quo
817 904 894 956 Anglus

120 957 204 1000 Iberniac
214 959 376 1002 administratione
385 961 515 1002 abdicabatur.
543 961 640 1002 ueterum
649 960 725 1001 rediens
734 960 756 1000 in
766 958 837 1013 oppido
847 958 893 999 Gal-

119 1013 156 1063 liae,
167 1014 220 1067 quod
230 1015 300 1056 dicitur
308 1016 345 1065 En,
356 1017 409 1070 gravi
420 1016 486 1057 morbo
501 1016 616 1071 praepeditus
627 1015 713 1056 Creatori
730 1015 819 1069 spiritum
829 1013 893 1054 reddi-

119 1068 176 1118 disse,
187 1073 210 1109 ut
219 1084 275 1124 opem
284 1084 342 1124 quam
351 1070 439 1124 cupiebat
452 1086 493 1112 non
502 1071 587 1125 potuerit
599 1071 667 1123 patriae
675 1071 731 1111 terre.
760 1070 807 1122 Ipse
821 1069 892 1109 relatus

118 1126 148 1163 est
157 1124 179 1164 in
188 1125 282 1166 Diuorum
296 1127 355 1167 fastos
364 1127 388 1166 ab
399 1125 487 1167 Honorio
502 1125 543 1167 ΙΠ.
554 1125 648 1166 Pontiflce
658 1125 744 1166 Summo.
773 1125 822 1179 Ejus
831 1124 892 1164 vitam

118 1178 188 1219 litteris
204 1179 307 1222 illustravit
323 1182 352 1221 vir
369 1181 447 1234 quidam
470 1181 572 1234 Augensis,
591 1180 646 1232 cujus
662 1194 732 1221 nomen
748 1194 788 1221 non
804 1183 861 1228 etat,
881 1194 892 1219 a

117 1233 222 1275 Lamentio
233 1236 288 1276 Surio
298 1236 375 1284 relatus,
383 1240 406 1275 ut
415 1236 485 1288 accepi.

146 1289 184 1329 Sed
193 1290 230 1339 fac,
241 1291 293 1344 quod
301 1292 430 1343 nequicquam
436 1303 504 1329 verum
511 1292 546 1337 est,
552 1288 576 1328 ab
585 1287 656 1341 Anglis
663 1292 682 1329 et
689 1289 784 1342 pontificis
793 1289 890 1329 decretum

116 1342 152 1384 rite
169 1344 277 1394 obtentum,
294 1358 357 1397 neque
373 1349 439 1396 postea
457 1347 568 1384 revocatum
584 1347 603 1383 et
619 1343 717 1383 iberniam
732 1344 775 1396 jure
792 1344 890 1396 quaesitam

116 1398 187 1448 fuisse;
201 1404 268 1452 postea
282 1404 347 1439 tamen
362 1398 415 1438 omni
428 1399 472 1452 jure
488 1396 545 1451 plane
559 1397 676 1448 exciderunt,
691 1398 811 1439 conditiones
821 1413 831 1438 a
840 1400 891 1452 papst

117 1453 183 1502 dictas,
200 1454 354 1506 constitutosque
370 1454 490 1507 transgressi.
525 1453 650 1494 Oonditiones
665 1455 687 1493 in
703 1454 779 1494 decreto
796 1458 891 1494 contentae

116 1512 162 1548 sunt
179 1508 227 1548 haec.
257 1510 285 1549 1⁰.
301 1507 330 1548 Ut
338 1508 421 1548 ecclesiae
430 1509 502 1548 limites
510 1508 620 1549 dilatentur.
651 1511 680 1549 2⁰.
695 1508 793 1549 Vitiorum
800 1508 891 1549 decursus

115 1563 248 1616 restringatur.
278 1566 307 1604 3⁰.
323 1563 389 1603 Mores
399 1564 525 1616 corrigantur.
553 1565 583 1604 4⁰.
598 1563 707 1604 Christiana
713 1563 780 1617 religio
790 1568 889 1616 augeatur.

116 1620 135 1657 5.
151 1618 190 1658 Dei
200 1618 264 1658 cultus
275 1622 295 1658 et
306 1619 369 1659 honor
377 1622 397 1657 et
406 1619 458 1659 salus
464 1619 571 1659 animarum
581 1619 606 1659 sit
615 1618 698 1659 maxime
707 1633 764 1660 curae.
795 1618 823 1659 6⁰.
839 1618 887 1659 Jura

115 1672 243 1714 ecclesiastica
258 1673 333 1727 integra
343 1677 447 1714 seruentur.
478 1675 507 1715 7⁰.
522 1674 594 1714 Annua
603 1674 670 1727 pensio
681 1674 753 1715 denarii
762 1674 821 1714 unius
830 1688 841 1714 a
850 1675 889 1714 sin-

115 1727 167 1780 gulis
181 1729 238 1781 regni
253 1728 342 1769 domibus
357 1728 418 1768 Beato
434 1729 493 1769 Petro
509 1729 599 1769 solvenda
608 1743 649 1769 non
658 1728 742 1769 tollatur.
768 1728 818 1769 Ecce
836 1743 890 1769 nunc

114 1783 180 1823 Deum
190 1798 269 1836 superos
279 1788 298 1824 et
307 1782 373 1824 orbem
383 1787 476 1824 terrarum
493 1784 585 1837 obtestor)
597 1784 656 1837 quam
671 1783 729 1838 longe
746 1784 814 1826 contra
829 1784 890 1837 Angli

115 1837 234 1878 admiserunt
243 1842 263 1878 et
273 1838 358 1892 quotidie
368 1838 478 1879 admittunt.

143 1894 166 1933 1⁰
180 1892 272 1934 Ecclesiae
281 1897 406 1934 sacrosanctae
415 1894 462 1935 fines
472 1907 513 1934 non
522 1894 578 1935 modo
588 1908 629 1935 non
638 1893 779 1947 amplificarunt
789 1893 822 1934 sed
831 1893 889 1947 longe

113 1949 215 2001 angustius
231 1950 397 2000 contranerunt51l
413 1949 435 1988 2⁰
453 1949 500 1989 titia
516 1950 536 1989 in
551 1950 648 2003 gurgitem
658 1952 733 1990 vastum
743 1953 850 1998 aurerunt,·
866 1950 887 1990 3ο
897 1939 943 1981 lm

114 2002 180 2043 blcres
198 2003 325 2057 depravarunt
342 2008 361 2044 ct
383 2010 515 2057 corruperunt.
544 2004 567 2044 4⁰
583 2004 711 2045 Christianam
727 2004 839 2057 religionem
855 2018 887 2044 ex-

113 2058 224 2107 tinxerunt5
240 2057 262 2098 5⁰
276 2059 314 2099 Dei
331 2058 403 2098 cultum
420 2059 513 2099 honorem
529 2063 549 2099 et
565 2060 671 2100 animarum
686 2059 767 2099 salutem
776 2074 816 2099 non
825 2059 888 2099 solum

115 2113 243 2166 neglexerunt
260 2114 293 2154 sed
309 2117 427 2167 oppugnant.
458 2114 480 2153 6⁰
490 2113 624 2154 Ecclesiastica
631 2115 675 2167 jura
685 2113 816 2154 diminuerunt
826 2118 846 2154 et
855 2128 887 2154 ax-

113 2168 206 2221 pilarunt.
237 2170 258 2210 7⁰
268 2169 380 2223 pensionem
396 2168 443 2209 Divi
458 2168 512 2209 Petri
527 2168 550 2209 de
566 2169 629 2209 medio
644 2168 777 2219 sustulerunt;
793 2169 815 2209 8⁰
829 2169 887 2209 fidem

114 2222 233 2263 Oatbolicmn
242 2224 330 2264 funditus
346 2223 439 2264 delerant.
469 2225 490 2264 9⁰
506 2224 562 2264 Sacra
571 2224 689 2277 profanaque
703 2224 834 2274 miscuerunt;
849 2226 886 2265 111ο

113 2278 134 2318 in
150 2292 229 2331 superos
246 2280 314 2333 impias
330 2293 398 2320 manus
413 2279 526 2332 injecerunt,
538 2280 573 2319 11⁰
589 2279 670 2319 Nullam
680 2282 751 2319 certam
768 2280 886 2332 religionem,

113 2332 189 2374 nullam
198 2334 272 2374 firmam
281 2334 346 2383 fidem,
356 2348 391 2388 pro
400 2333 443 2375 Deo
453 2338 545 2382 ventrem,
555 2334 680 2387 voluptatem,
690 2334 790 2376 libidinem
800 2335 872 2376 colunt.

302 2497 669 2505 mam—§.-

428 2618 485 2659 OAP.
501 2617 560 2659 VIII.

165 2732 223 2777 Leges
232 2737 284 2776 atquc
292 2743 349 2766 mores
358 2732 425 2777 aliquot
434 2733 455 2766 ab
464 2731 526 2776 Anglis
534 2730 552 2764 in
561 2731 652 2766 I‘oerniam
660 2732 699 2765 latae
707 2735 819 2775 repetuntur.

112 2825 153 2867 His
164 2828 209 2867 satis
220 2827 306 2877 efficitur,
317 2827 341 2868 ab
351 2828 421 2881 Anglis
432 2827 529 2876 iberniam
538 2827 610 2881 injuste
620 2828 687 2870 teneri.
715 2828 820 2882 Reliquum
829 2833 887 2870 estut

110 2879 146 2919 lroc
154 2881 193 2922 loci
202 2883 222 2922 in
232 2883 316 2924 medium
334 2882 438 2936 prodamus
447 2883 511 2935 aliqua
526 2885 613 2939 exempla
629 2897 695 2925 eorum
710 2884 886 2934 administrationis,

109 2947 172 2976 mores
187 2951 265 2990 paucos,
275 2939 367 2992 legesque
381 2938 497 2980 nonnullas:
514 2937 583 2991 quibus
598 2939 682 2981 Iberniae
693 2939 831 2992 rempublicam
842 2954 887 2981 cum
