2237 3535
130 412 174 440 car.
185 399 221 450 m]
361 412 388 440 un
397 411 527 441 Puncrrouro
537 411 582 440 urm
597 396 703 445 rrrnrru'„
877 401 902 442 27

127 522 169 562 prae
181 507 245 548 dolore
255 508 357 561 mugiunt:
372 510 453 552 violenti
467 523 543 564 quoque
558 508 612 549 venti
630 509 711 561 impetu,
731 507 776 548 diris
794 508 905 550 daemonum

127 563 199 604 ictibus
209 562 321 604 creberrime
331 567 399 617 quassi.
427 565 479 606 Mihi
489 564 568 618 spiritus
577 563 633 616 impii
642 562 716 603 faciunt
726 562 810 617 eligendi
818 566 902 617 potesta·

126 622 172 667 tem,
182 618 250 671 pedem
259 632 284 658 ne
293 618 379 669 referam,
391 635 416 661 an
423 621 459 661 has
468 633 534 674 poenas
543 617 641 672 pendam?
669 616 757 671 Cumque
766 632 796 659 me
805 622 902 660 tacentem

125 676 230 726 utrumque
248 687 337 726 respuere
352 675 496 726 intellexissent,
514 673 598 729 plectere
614 671 727 723 moliuntur,
739 673 810 715 frustra
829 677 900 723 tamen,

125 727 213 768 divinum
221 742 292 769 nomeu
301 729 440 783 invocantemll
907 740 953 782 [aa]

152 782 190 824 IV.
205 783 313 824 Prnnrnuu
334 785 478 828 enarres-111
502 784 560 825 alium
580 787 646 825 tamen
669 798 759 840 campum
781 783 900 838 impulerunt

123 838 185 890 paenis
202 838 354 891 exquisitissimis
371 841 475 890 borridum,
493 840 551 890 vario,
571 838 713 894 multiplicique
732 840 778 893 igne
800 839 898 889 adustum,

120 892 232 933 horninibus
240 893 371 937 uberrimum:
386 897 418 937 alii
434 896 465 937 vel
481 895 530 936 collo
547 895 577 936 vel
593 894 675 936 brachiis
689 895 719 938 vel
735 894 816 949 pedibus
826 896 897 935 vinctis

122 949 196 988 catenis
210 962 233 988 ex
242 949 308 1004 calybe
323 951 413 992 confectis
428 952 449 992 in
464 951 549 991 flammas
565 950 675 1003 suppositas
692 949 850 1004 suspenduntur:
866 950 898 990 alii

120 1003 217 1043 craticulis
227 1009 346 1046 cremantur:
360 1021 399 1047 non
409 1006 466 1060 pauci
481 1004 564 1046 verubus
573 1006 659 1047 transfixi
674 1006 698 1047 ad
707 1007 775 1060 ignem
791 1010 896 1054 torrentur,

121 1057 198 1098 metallo
207 1059 309 1111 liquefacto
319 1064 339 1101 et
348 1061 481 1102 ardentissimo
491 1060 619 1114 superinfuso.
636 1060 685 1102 Suos
696 1062 777 1115 quisque
786 1061 896 1113 patiebatur

119 1127 192 1154 manes.
220 1114 264 1155 Nec
272 1114 331 1156 ullius
341 1120 370 1156 est
379 1117 429 1156 tanti
437 1115 512 1168 ingenii
529 1116 608 1164 flumen,
618 1118 672 1156 tanta
682 1116 764 1166 dicendi,
776 1115 895 1157 scribendive

118 1168 154 1217 vis,
164 1172 255 1223 tantaque
264 1171 325 1224 copia,
335 1174 358 1210 ut
366 1170 427 1224 possit
442 1170 493 1210 tanti
507 1170 598 1218 maeroris,
608 1171 702 1223 supplicii,
713 1171 814 1220 cruciatus,
825 1171 894 1212 faciem

117 1223 278 1265 luctuosissimam
286 1226 362 1274 referre,
377 1225 450 1265 nedum
460 1237 556 1264 exornare.
584 1224 627 1264 Vae
640 1226 770 1277 peccantibus.
799 1225 838 1266 Hei
853 1240 894 1267 non

117 1279 220 1331 agentibus
237 1280 259 1320 in
275 1280 313 1320 hoc
329 1279 402 1320 mundo
418 1279 556 1332 paenitentiam.
586 1277 656 1319 Omnia
674 1280 733 1333 hujus
751 1281 795 1321 vitae
809 1282 892 1321 tristitiae

116 1333 196 1384 labores,
213 1338 341 1387 paupertates,
358 1334 420 1380 exilia,
438 1346 528 1383 carceres,
542 1332 650 1386 opprobria.
666 1335 754 1385 miseria,
769 1335 890 1385 calamitates,

116 1387 201 1438 vulnera,
212 1393 231 1428 et
240 1402 292 1429 mors
299 1389 342 1442 ipsa
350 1388 400 1429 nihil
409 1392 456 1427 sunt
466 1388 490 1427 ad
499 1387 606 1441 purgatorii
614 1401 686 1440 paenas.

313 1474 414 1515 Vicecomec
423 1488 487 1524 repam
496 1488 550 1514 aaran
560 1473 672 1528 alloquitur.

115 1551 141 1591 In
157 1551 194 1592 hoc
211 1566 277 1605 campo
295 1552 366 1592 multos
382 1552 433 1592 viros
449 1555 507 1604 atque
523 1551 609 1591 faeminas
626 1550 673 1591 mihi
689 1555 754 1600 notos,
772 1555 790 1591 et
809 1566 890 1593 consan-

113 1606 208 1658 guinitate
223 1608 336 1660 conjunctos
353 1606 429 1647 offendi.
460 1606 499 1646 Hic
514 1620 579 1659 regem
594 1619 659 1646 meum
678 1605 787 1646 Jubanuem
802 1607 889 1648 conveni.

115 1660 155 1705 Qui
173 1663 301 1716 interroganti
317 1662 371 1711 mihi,
389 1676 446 1715 quam
466 1661 491 1701 ob
510 1661 587 1715 culpam
603 1661 631 1701 ibi
654 1664 779 1710 coerceretur,
803 1662 889 1715 alioquin

112 1729 189 1757 mecum
198 1717 259 1758 inulta
274 1717 358 1766 locutus,
369 1716 393 1757 ad
411 1716 449 1756 hoc
458 1717 598 1769 interrogatum
606 1715 627 1756 id
636 1729 698 1756 unum
714 1715 819 1770 respoudit,
829 1716 888 1771 hujus

112 1771 178 1813 saeui
187 1773 282 1826 principes
293 1776 350 1825 atque
360 1775 459 1825 magnates
479 1785 598 1824 summopere
613 1776 700 1824 oportere
714 1785 785 1811 nemim
795 1772 887 1825 mjuriam

111 1826 173 1867 facere
182 1828 204 1868 in
213 1827 291 1868 alterius
301 1827 388 1880 gratiam,
399 1831 577 1880 quantumcumque
586 1826 691 1867 familiaris.
720 1825 797 1866 Ibidem
807 1840 886 1881 quoquc

110 1881 152 1921 vidi
168 1882 271 1936 quemdam
287 1882 399 1935 religiosum
415 1881 502 1922 crudeles
516 1895 581 1935 paenas
599 1881 683 1930 dantem,
697 1885 777 1934 prepter
788 1882 886 1934 quoddam

110 1950 168 1989 grave
178 1941 283 1991 peccatum.
313 1936 344 1977 Ob
355 1936 407 1991 quod
417 1935 479 1977 abluit
488 1950 562 1990 parum,
576 1939 601 1977 ut
610 1937 689 1978 (eternis
703 1936 777 1977 Averni
786 1937 885 1990 suppliciis

109 1992 224 2043 puniretur:
239 2006 260 2032 re
269 2004 353 2046 namque
369 2006 413 2032 vera
429 1991 452 2031 de
468 1991 502 2031 illo
519 1991 601 2031 luissent
616 1996 687 2041 actum,
702 1991 740 2031 nisi
754 1996 798 2032 ante
808 1992 884 2034 obitum

108 2059 180 2100 magno
198 2047 260 2088 cordis
276 2047 348 2096 dolore,
364 2046 431 2086 multis
445 2046 546 2099 lachrymis
564 2050 584 2086 et
596 2047 688 2087 acerrima
696 2046 809 2099 paenitentia
820 2047 883 2089 scelus

108 2103 209 2154 expiasset.
233 2102 296 2144 Obvia
306 2102 363 2143 etiam
372 2101 420 2142 milii
429 2101 467 2141 luit
476 2101 547 2141 Donna
555 2100 643 2141 Aldonsa
653 2100 731 2141 Oarolea
740 2114 782 2141 mea
792 2106 880 2155 cognata,

108 2157 164 2210 cujus
174 2157 263 2198 interitus
279 2160 336 2198 antea
350 2170 402 2197 cram
418 2156 500 2205 nescius,
511 2156 555 2209 quie
565 2169 596 2196 me
605 2156 768 2209 proficiscentem
777 2156 826 2196 vivis
836 2171 880 2210 age-

108 2210 148 2252 bat.
178 2212 226 2253 Haec
237 2227 259 2254 eo
269 2213 391 2267 potissimum
403 2210 535 2265 torquebatur,
551 2210 602 2263 quod
616 2210 671 2252 faciei
686 2210 789 2260 comendae,
800 2211 879 2252 fricatis-

107 2278 146 2320 que
163 2267 259 2309 coloribus
280 2266 406 2322 depingenda
416 2267 498 2307 nimium
508 2265 604 2307 studebat.
633 2265 706 2306 Omnes
716 2270 780 2306 tamen
792 2265 842 2319 (Deo
853 2268 879 2308 sit

105 2322 173 2373 gratia,
189 2323 232 2363 laus
245 2327 305 2377 atque
320 2323 388 2377 gloria)
407 2326 462 2362 erant
478 2321 546 2362 invia
563 2322 636 2362 salutis.
664 2321 708 2374 Ego
718 2334 764 2360 vero
773 2321 802 2360 tui
813 2321 836 2361 ab
847 2323 877 2363 his

105 2377 221 2418 cruciatibus
230 2378 311 2418 Domini
320 2378 398 2418 nomine
407 2380 512 2430 protectus
523 2377 594 2418 nostra
604 2376 684 2417 diabolis
694 2375 833 2416 obnitentibus.

132 2431 241 2474 Pmuanuu
251 2446 323 2473 vaunis
333 2446 358 2472 m
367 2432 517 2473 nora-Iidem
524 2432 604 2485 maligni
611 2432 688 2486 spiritus
695 2432 717 2471 in
724 2435 794 2470 vastam
807 2431 876 2472 vallem

103 2500 135 2528 me
152 2488 240 2528 devenire
256 2491 368 2542 coegerunt.
396 2486 438 2527 Ubi
454 2500 524 2539 magua
540 2490 569 2528 est
583 2492 626 2528 rot-a
641 2490 682 2527 tota
697 2485 778 2526 flammis
793 2486 874 2538 ardens,

103 2543 159 2596 cujus
169 2544 206 2592 axi,
216 2557 296 2583 summae
304 2546 416 2590 curvaturae,
427 2545 446 2583 et
455 2542 513 2583 radiis
523 2542 613 2582 omuibus
626 2542 691 2582 ferreis
705 2554 806 2580 mucrones
816 2542 874 2594 igniti

103 2599 241 2639 confertissime
257 2606 304 2639 sunt
318 2598 415 2651 impactill
445 2596 477 2637 Er
493 2596 573 2649 singulis
589 2600 652 2637 autem
667 2595 791 2636 mucronibus
803 2597 926 2658 euimaepqq]

102 2653 185 2706 singulm
191 2652 301 2707 pendebant
311 2652 477 2694 vehementissime
483 2653 577 2700 cruciatae,
588 2657 630 2692 rota
639 2667 650 2692 a
660 2649 740 2691 diabolis
751 2651 872 2704 rapidissime

102 2708 228 2749 circumversa
244 2713 264 2749 et
278 2708 367 2749 incendio
381 2708 433 2761 ignis
447 2707 503 2761 nigri,
514 2706 568 2760 quasi
578 2706 676 2759 sulphurei
685 2705 815 2760 undequaque
824 2708 872 2761 fiag-

100 2767 161 2804 rante.
190 2763 224 2804 Me
234 2776 311 2817 quoque
320 2764 417 2804 carnifices
427 2764 448 2803 in
457 2764 506 2803 hauc
515 2766 576 2802 rotam
589 2761 729 2814 imposuerunt.
759 2761 797 2802 Sed
806 2764 872 2817 appel-

99 2817 139 2858 lato
150 2818 164 2859 J
164 2833 198 2859 esu
207 2819 285 2859 nomine
295 2819 361 2859 statim
370 2833 393 2858 en
403 2818 436 2858 illa
446 2818 505 2859 cecidi
514 2817 590 2857 illaesus.

127 2874 236 2915 Pmurnvnr
246 2874 456 2915 aornar—cararum
463 2872 527 2913 trahor
536 2872 615 2919 invitus,
623 2874 680 2924 etque
690 2872 775 2913 renitens
782 2873 804 2912 in
811 2872 870 2913 alium

99 2941 195 2982 campum,
205 2929 239 2970 ubi
248 2943 324 2983 magnae
332 2929 388 2970 molis
398 2928 467 2981 domus
477 2927 558 2968 occurrit
566 2927 626 2966 humo
636 2927 712 2967 fumans
729 2932 825 2976 cotanen
836 2927 869 2968 ali.

98 2985 128 3022 ter
145 2996 202 3036 quam
216 2987 290 3034 fornax,
308 2984 473 3038 circumjectisque
487 2983 533 3023 loeis
549 2981 672 3023 tenebrarum
688 2982 750 3023 nubes
768 2983 869 3030 offundens

99 3035 139 3078 Hic
148 3038 202 3091 prins
211 3040 299 3081 flentium
308 3053 370 3089 voces,
387 3039 536 3093 plangoremque
551 3037 622 3078 audivi.
651 3038 701 3079 Cum
718 3039 806 3092 proprius
824 3052 867 3092 per.
