2237 3535
102 458 146 487 111.
161 442 194 496 in]
324 454 350 482 nn
365 454 493 483 ruicaaronro
508 454 554 481 nivi
569 454 665 482 rnrnirrr.
848 446 874 484 at

101 550 386 609 quidemsententiahumanum
393 553 495 593 artificium
503 555 522 590 et
527 551 628 603 ingenium
635 550 744 604 superabat,
752 554 875 602 structuram,

100 609 214 663 elegantiam
224 611 244 647 et
252 606 415 660 pulchritudinem
425 607 527 648 admirans.
549 605 615 650 Quam
622 620 684 646 meam
692 607 876 659 contemplationem

100 665 244 716 interruperunt
255 661 292 702 viri
304 662 405 704 duodecim
418 662 505 704 candidis
517 661 604 701 vestibus
615 661 685 710 induti,
694 661 728 715 qui
741 661 788 701 mihi
797 661 876 715 quidem

99 719 184 772 religiosi
192 716 313 767 videbantur,
323 718 385 759 aulam
394 718 525 772 ingredientes
539 730 609 769 meque
624 715 707 769 benigne
717 716 778 756 salute
787 716 874 771 imperti-

101 778 160 815 entes.
189 772 239 813 Cum
251 773 377 826 propinquius
385 774 513 820 accessissem,
523 785 575 811 unus
587 770 620 825 qui
626 771 700 811 coeteris
706 771 776 821 forsan,
786 777 874 825 praeerat,

99 831 127 870 ita
136 842 166 869 me
176 828 254 868 nomine
269 829 355 869 omnium
370 829 443 870 affatur.
474 826 594 867 “Laudibus
611 827 710 880 perpetuis
725 826 779 866 Deus
789 827 875 880 optimus

100 885 193 924 maximus
203 882 296 933 efferatur,
307 884 361 937 cujus
370 884 428 924 nutui
437 886 456 923 et
470 882 550 936 imperio
568 882 632 923 omnia
648 881 784 935 subjiciuntur,
795 883 828 935 qui
837 881 875 922 tibi

99 942 175 979 tantum
190 942 268 991 tamque
283 938 412 980 incredibilem
429 944 449 979 et
464 938 574 979 inauditum
588 937 736 985 animumfecit,
747 940 769 977 ut
779 951 837 977 ausus
848 937 874 977 sis

99 995 138 1034 huc
155 993 267 1034 descendere
284 998 360 1046 peccata
375 997 485 1048 purgatum.
519 993 568 1033 Rem
592 993 670 1033 hercule
684 992 770 1041 arduam,
781 992 875 1045 perdiffici

100 1049 176 1102 lemque
192 1049 298 1102 suscepisti,
316 1049 349 1089 sed
364 1049 439 1101 ingenti
454 1048 534 1102 proemio
554 1047 722 1100 compensandam.
752 1045 843 1100 Namque
858 1048 875 1087 si

98 1104 209 1144 institutum
218 1104 329 1157 proestiteris
346 1118 432 1144 summus
448 1104 481 1143 ille
498 1103 669 1143 misericordiarum
678 1103 734 1143 Deus
745 1102 819 1156 piacula
828 1102 873 1142 hac-

99 1164 154 1199 tenus
167 1159 267 1199 commissa
284 1159 319 1199 tibi
336 1159 444 1199 condonare
461 1157 578 1211 dignabitur.
608 1157 642 1197 Sin
658 1158 753 1197 malorum
768 1158 873 1210 spirituum

98 1213 200 1267 pavoribus
210 1217 229 1254 et
239 1214 354 1254 cruciatibus
363 1213 482 1266 perterritus,
491 1212 520 1251 vel
533 1212 632 1264 promissis
642 1212 734 1266 deceptus
749 1212 872 1253 succubueris

98 1273 206 1322 asuscepto
222 1282 301 1308 munere
317 1269 415 1315 desistens,
426 1267 489 1306 anima
504 1280 611 1319 corpusque
621 1267 691 1318 quibus
706 1271 788 1316 constas,
799 1274 871 1308 aeterno

97 1324 191 1377 supplicio
200 1324 314 1378 plectentur.
345 1322 410 1365 Quare
419 1336 444 1360 111
453 1321 564 1373 inopinatus
574 1321 598 1361 ab
613 1320 701 1361 hostibus
711 1321 872 1371 circumveniaris,

96 1379 135 1418 huc
151 1393 186 1418 nos
204 1378 321 1425 devenimus,
339 1376 453 1416 nunciatum
473 1375 529 1415 variis
549 1380 569 1414 te
589 1374 674 1415 diabolos
693 1375 870 1428 pollicitationibus,

96 1433 153 1472 minis
163 1437 182 1472 et
191 1432 296 1472 terroribus
310 1444 440 1483 aggressuros,
451 1434 470 1469 et
479 1430 501 1469 in
510 1429 547 1469 hoc
556 1429 599 1469 loco
616 1434 660 1482 post
676 1434 765 1470 nostrum
781 1431 871 1480 reditum,

95 1488 179 1540 primum
189 1488 244 1539 signa
253 1490 318 1525 tecum
335 1484 444 1524 collaturos.
472 1484 526 1537 Ergo
543 1484 575 1524 hic
585 1484 621 1524 tibi
631 1498 679 1538 opus
690 1485 754 1525 animo
769 1486 871 1535 constanti,

98 1546 213 1594 pectoreque
222 1541 283 1580 firmo.
313 1539 357 1583 Quo
368 1540 384 1579 si
394 1540 452 1579 fueris
469 1540 563 1593 praeditus
578 1554 644 1579 omnes
661 1540 748 1580 hostium
762 1540 811 1580 vires
821 1540 873 1581 facili

96 1597 174 1649 negotio
184 1595 293 1636 contundes
302 1593 434 1634 dulcissimum
444 1594 458 1633 J
459 1609 493 1634 esu
507 1594 579 1634 Christi
586 1608 658 1635 nomen
668 1595 725 1635 corde
735 1595 842 1635 venerando
852 1603 872 1636 et

95 1665 128 1691 ore
137 1650 257 1704 proferendo.
284 1648 365 1693 Quoties
374 1663 419 1689 vero
429 1650 488 1689 fueris
498 1650 582 1689 stadium
592 1663 636 1690 cum
646 1649 758 1690 adversariis
767 1650 871 1703 ingressus,

94 1720 130 1745 nos
146 1705 253 1746 Dominum
270 1704 372 1754 orabimus,
383 1708 406 1743 ut
421 1703 518 1745 1111111111
535 1719 593 1758 opem
603 1704 694 1745 divinam.
709 1705 763 1746 Vale.
794 1705 871 1749 Quibus

96 1761 152 1800 dictis
161 1759 213 1801 illico
223 1760 357 1800 discesserunt.

219 1844 327 1894 Viceccnres,
335 1859 380 1898 quer
388 1845 464 1885 viderat
474 1846 576 1895 cruciatur,
588 1846 654 1886 arurae
663 1850 748 1896 enarrat.

93 1925 142 1966 Post
151 1925 285 1979 religiosorum
294 1925 378 1966 reditum
388 1940 423 1979 ego
434 1926 487 1966 solus
496 1927 517 1966 in
526 1926 571 1967 aula
579 1926 664 1976 relictus,
675 1941 720 1967 cum
734 1927 868 1980 impendentes

94 1980 215 2021 difficultates
225 1981 289 2021 animo
298 1994 374 2021 mecum
383 1981 495 2030 volutarem,
506 1982 575 2035 ingens
581 1982 672 2035 strepitus
679 1982 732 2022 omui
738 1981 783 2022 belli
791 1983 869 2024 classico

93 2042 113 2075 et
122 2036 206 2076 humano
216 2036 282 2076 sonitu
297 2035 358 2089 major
368 2050 418 2075 meas
429 2050 483 2076 aures
497 2036 601 2089 improuiso
612 2036 724 2077 verberavit.
754 2037 869 2078 1101111111-

93 2105 145 2131 mera
155 2091 264 2131 daemonnm
274 2090 302 2130 vis
311 2091 368 2131 variis
377 2091 444 2131 fonnis
454 2091 602 2132 horrendissima
612 2096 631 2131 et
641 2092 785 2132 confertissimis
796 2093 868 2133 ordini-

94 2146 130 2185 bus
139 2147 245 2200 irrumpens
256 2144 319 2193 aulam
327 2145 432 2198 implevitll
456 2145 527 2186 Omnes
537 2147 562 2187 ad
571 2160 633 2186 unum
642 2160 673 2186 me
683 2147 754 2186 salvere
760 2147 866 2200 jusserunt,
874 2152 920 2195 [ru]

92 2201 142 2240 nihil
148 2215 185 2255 quo
193 2202 241 2242 solet
248 2201 310 2248 honor
316 2201 406 2249 exhiberi,
413 2201 588 2255 praetermittentes,
597 2205 616 2241 et
623 2200 741 2241 obtestantes
750 2216 781 2241 me
790 2204 866 2255 magnis

92 2257 187 2297 erroribus
198 2260 217 2297 11
227 2255 322 2296 dementia
338 2261 421 2309 captum,
433 2257 484 2310 quod
498 2256 519 2296 in
532 2257 575 2296 loca
591 2256 639 2296 viris
655 2256 707 2296 invia
723 2256 863 2298 descenderim:

92 2315 165 2352 tantam
182 2325 244 2352 meam
254 2311 352 2352 audaciam
363 2312 442 2364 dignam
451 2325 492 2351 esse
501 2316 573 2351 morte:
594 2311 718 2351 nihilominus
735 2325 755 2351 se
771 2313 864 2365 rationem

91 2365 162 2407 habere
170 2380 258 2407 meorum
267 2380 312 2419 erga
322 2381 342 2407 se
352 2367 469 2416 meritorum,
481 2367 532 2420 quod
549 2381 606 2420 super
621 2370 690 2406 terram
708 2366 771 2406 studio
782 2381 865 2417 summo,

92 2420 230 2474 diligentiaque
239 2436 314 2475 semper
324 2436 390 2462 eorum
406 2422 499 2475 imperata
515 2422 605 2462 fecerim:
628 2421 652 2462 oh
662 2421 683 2461 id
697 2435 728 2461 me
749 2426 865 2472 servaturos,

91 2475 115 2516 ad
133 2476 238 2529 purgatorii
252 2478 331 2530 januam
348 2477 484 2516 comitatinos:
508 2477 625 2517 incolumem
646 2476 670 2516 ad
686 2490 729 2516 mea
746 2476 864 2527 dimissuros,

91 2531 163 2584 diuque
171 2532 210 2572 frui
219 2531 240 2572 in
249 2532 322 2572 mundo
331 2531 405 2585 magnis
422 2531 495 2572 deliciis
508 2532 640 2584 permissuros.
669 2531 704 2571 Sin
718 2530 783 2570 minus
798 2532 865 2572 condi-

90 2586 163 2626 tionem
172 2587 271 2641 accipiam,
281 2587 314 2627 seo
323 2589 385 2640 stygia
394 2600 453 2640 regna
461 2586 523 2627 lucter
533 2586 591 2636 adire,
602 2601 632 2627 me
641 2590 722 2626 mortem
733 2587 865 2639 oppetiturum

91 2645 164 2695 etpost
173 2641 248 2682 obitum
257 2643 362 2682 innumeris
379 2641 518 2682 calamitatibus
535 2641 662 2682 afficiendum.
691 2640 736 2694 Ego
745 2655 790 2682 vero
800 2642 866 2683 callidi

90 2700 150 2737 tatem
160 2700 178 2737 et
188 2697 242 2747 dolos
253 2711 318 2738 eorum
327 2698 417 2752 praeclare
432 2697 540 2749 intelligens
556 2711 593 2736 nec
609 2696 740 2736 conditionem
755 2698 819 2751 accepi
828 2713 865 2739 nec

90 2751 163 2804 ahquid
170 2752 268 2806 respondi.
298 2752 361 2796 Quam
371 2752 396 2793 ob
406 2766 469 2793 meam
484 2752 596 2806 patientiam
606 2750 634 2790 illi
643 2753 671 2791 ira
685 2751 755 2803 perciti
768 2752 865 2806 ringentia

90 2820 128 2855 ora,
139 2807 288 2861 minitantesque
306 2807 372 2848 vultus
381 2808 403 2847 in
411 2822 443 2848 me
459 2807 540 2847 vibrant.
570 2806 596 2846 In
603 2806 667 2848 ,media
682 2806 726 2846 aula
736 2821 806 2860 magno
815 2808 868 2862 rogo

90 2865 206 2913 constructo,
217 2862 320 2915 subitoque
336 2876 416 2903 accenso
433 2876 465 2903 me
480 2863 583 2916 imponunt
600 2860 681 2915 pedibus
699 2865 758 2914 atque
774 2863 865 2904 manibus

89 2914 183 2968 ligatum:
198 2932 233 2971 per
249 2917 337 2958 ardentes
347 2918 434 2958 flammas
450 2917 515 2963 ferreis
524 2917 580 2957 uncis
589 2916 634 2965 hac,
644 2915 691 2957 illuc
709 2917 795 2967 trahunt,
807 2919 865 2959 simul

90 2969 144 3011 elatis
154 2972 268 3014 clamoribus
277 2973 325 3014 mihi
334 2977 426 3014 terrorem
432 2973 544 3026 injicientes.
561 2971 600 3012 Sed
609 2986 645 3025 ego
651 2986 725 3012 mernor
731 2972 863 3014 mandatorum

90 3039 133 3077 quae
150 3032 168 3068 et
183 3028 220 3069 viri
237 3027 344 3079 duodecim,
362 3033 381 3069 et
397 3023 509 3069 monasterii
524 3041 596 3081 praeses
611 3028 661 3068 mibi
684 3027 786 3078 dederunt,
816 3028 865 3077 Jesu

200 3086 214 3123 4
