2237 3535
103 357 149 388 'cra
160 347 190 400 v.]
306 360 334 388 ou
348 360 412 388 annuo
427 360 546 392 uurrnucru
561 359 670 388 auronum.
843 350 882 389 193

104 457 151 498 mihi
162 456 248 507 O'Nelli,
258 456 289 497 vel
305 457 407 499 O'Donelli
422 462 481 512 caput
497 459 550 499 dono
566 456 646 507 dederit,
656 456 703 497 huic
711 456 764 498 mille
773 457 816 498 auri
825 456 882 498 libras

104 512 201 566 polliceor,
212 516 232 553 et
241 511 322 566 singulis
331 514 401 568 recipio
411 529 446 568 pro
456 514 529 555 meritis
540 512 610 566 gratias
620 525 680 566 quarn
693 512 882 561 accumulatissimas,

103 570 123 607 et
132 567 144 607 a
152 568 225 622 regina,
236 571 256 608 et
265 582 276 607 a
285 581 316 609 me
325 583 364 609 esse
373 569 486 610 referendas.
515 568 595 616 Eamus,
607 581 738 621 properemus,
748 581 774 608 ne
783 567 883 608 victoriam

103 626 189 663 nostram
199 623 327 664 differamus.''

131 676 229 718 Ooncione
238 677 326 719 absoluta
334 679 409 733 Bagnal
418 682 463 720 aute
472 678 518 720 solis
528 680 616 719 exortum
626 676 736 717 Ardmacha
746 680 808 717 castra
817 679 882 717 movet

103 732 176 773 decimo
194 733 261 787 quinto
278 734 351 775 circiter
367 735 403 783 die,
420 748 478 788 quam
494 748 558 774 comes
575 731 683 773 Urmonius
703 731 742 771 fuit
756 731 768 771 b
782 731 881 772 Bernardo

103 786 195 828 O’Morra
204 788 298 842 repulsus.
327 789 404 829 Hastati
413 790 434 830 in
444 789 521 844 agmina
531 789 568 829 tria
578 791 632 828 erant
646 786 723 840 digesti,
734 800 777 839 quae
787 786 881 840 praeibant

102 846 121 882 et
137 843 266 897 sequebantur
282 845 373 897 equitum,
384 848 403 884 et
419 845 566 885 fulminatorum
581 842 621 884 alae.
652 843 730 891 Sereno,
742 845 761 882 et
777 845 833 896 grato
851 841 881 882 die

101 897 175 938 vexillis
192 899 296 952 explicatis,
312 899 401 940 tubarum
417 899 512 953 clangore,
529 899 620 939 tibiarum
631 901 733 946 concentu,
743 902 880 951 tympanorum

101 952 213 993 militarium
223 955 287 994 sonitu
296 954 387 1003 homines,
398 958 417 994 et
427 956 472 1008 equi
482 955 506 995 ad
513 967 598 1007 pugnam
608 953 684 995 accensi
692 966 727 1006 per
743 951 808 993 laetam
817 952 879 1006 plani-

85 1040 87 1042 .
100 1007 148 1047 ciem
158 1009 235 1049 nemine
244 1008 355 1063 prohibente
370 1008 482 1062 procedunt.
512 1009 561 1049 Mox
575 1008 682 1062 excipiebat
690 1009 727 1048 iter
737 1008 840 1061 angustius
847 1008 879 1061 ju-

100 1063 177 1116 niperis,
188 1064 221 1104 sed
230 1063 341 1113 humilibus,
351 1068 409 1116 atque
417 1064 518 1104 rarissimis
528 1063 629 1104 consitum.
645 1064 691 1104 Hoc
697 1063 773 1115 Bagnal
779 1063 878 1116 ingressus

100 1117 146 1158 hora
155 1119 230 1160 circiter
239 1119 320 1172 septima
330 1119 341 1158 at
350 1118 461 1171 quingentis
476 1117 595 1158 imberbibus
612 1117 773 1168 adolescentibus,
788 1117 877 1158 bombar-

100 1172 156 1213 dariis
167 1174 256 1215 velitibus
265 1173 289 1213 ab
300 1173 383 1214 O’Nello
393 1172 464 1213 missus
474 1173 586 1213 densissima
602 1173 724 1226 globulorum
739 1173 833 1225 grandine
842 1187 877 1227 per

99 1231 161 1268 totum
172 1228 281 1269 arboretum
291 1228 403 1269 continuata
416 1227 511 1268 obruitur.
540 1227 613 1267 Velites
623 1227 674 1281 pone
686 1228 787 1281 juniperus
796 1232 876 1277 stantes,

99 1289 119 1322 et
126 1282 177 1324 inter
187 1283 263 1324 arbores
273 1284 392 1330 cursitantes
406 1282 480 1334 equites
494 1285 553 1334 atque
558 1281 632 1335 pedites
637 1282 713 1322 eminus
718 1282 773 1334 jactu
780 1286 875 1332 sternunt,

99 1341 118 1377 et
127 1337 149 1377 ed
159 1339 227 1387 tutius,
238 1337 290 1391 quod
300 1342 320 1377 et
329 1336 403 1390 equites
417 1336 465 1388 regii
479 1340 557 1389 propter
572 1336 671 1389 juniperos
681 1350 771 1377 essenon
780 1341 875 1390 poterant,

98 1392 128 1432 vel
137 1393 177 1433 suis
186 1393 304 1446 adjumento,
314 1391 345 1432 vel
354 1390 459 1431 Catholicis
467 1391 612 1444 impedimentO,
622 1394 641 1430 et
655 1391 836 1444 praeoccupantibus
845 1406 877 1431 ve-

98 1446 165 1487 litibus
173 1447 228 1487 locus
245 1450 286 1486 erat
302 1446 380 1498 aequior,
395 1459 453 1497 quam
469 1444 591 1486 venientibus
607 1446 672 1498 regiis:
700 1444 733 1485 Ab
743 1445 773 1486 his
783 1447 878 1500 augustiis

98 1515 167 1554 magna
177 1501 289 1547 difficultate
304 1500 379 1553 Bagnal
396 1499 478 1552 denique
487 1500 552 1553 copias
562 1500 658 1552 expedivit
672 1514 712 1540 non
722 1514 791 1553 parum
800 1505 878 1542 vexatas

69 1570 71 1574 ’
98 1556 136 1595 aeri
145 1556 262 1604 velitatione,
273 1559 293 1595 et
302 1555 366 1595 tristes
375 1554 400 1594 ob
411 1554 490 1607 impune
500 1558 598 1608 receptum
614 1555 706 1608 damnum
715 1555 727 1595 ὲ
736 1555 833 1606 velitibus
845 1557 878 1609 qui

97 1609 176 1663 puerile,
194 1615 253 1663 atque
268 1609 371 1650 ridiculum
387 1609 488 1650 hominum
505 1624 567 1663 genus
576 1609 697 1651 videbantur.
726 1609 776 1651 Lata
785 1611 877 1665 planicies

97 1677 158 1717 usque
174 1666 199 1706 ad
216 1665 358 1706 Catholicorum
375 1669 436 1705 castra
452 1664 572 1705 succedebat.
600 1665 625 1705 ln
639 1666 690 1706 hane
704 1679 780 1718 egresso
789 1666 877 1720 Bagnale

97 1720 161 1772 regius
171 1721 267 1774 equitatus
277 1720 298 1760 in
307 1719 417 1760 Catholicos
426 1719 492 1760 velites
502 1734 561 1773 quam
570 1719 668 1761 celerrimo
678 1721 739 1774 gradu
748 1722 814 1762 currit.
835 1720 876 1761 an-

98 1778 162 1815 terum
171 1790 206 1829 per
214 1776 296 1829 primam
302 1775 472 1829 planicieipartem
478 1776 500 1815 in
509 1776 551 1829 ipso
561 1776 643 1815 maxime
650 1776 724 1825 itinere,
732 1776 765 1816 sed
774 1780 793 1816 et
803 1777 876 1817 circum

98 1829 146 1869 illud
156 1830 258 1879 O'Nellus,
269 1829 344 1870 crebras
353 1830 423 1878 foveas,
435 1834 492 1884 atque
501 1830 563 1870 fossas
569 1831 667 1870 excavavit
677 1831 741 1871 stratis
747 1845 804 1884 super
810 1832 875 1884 virgu-

97 1884 126 1933 lis,
138 1887 157 1924 et
166 1886 216 1926 faeno
226 1899 292 1939 sparso
302 1884 436 1925 dissimulatas.
466 1885 491 1925 ln
502 1898 550 1937 quas
559 1886 704 1938 cataphraetarii
718 1887 792 1938 equites
801 1887 875 1926 incaut'
923 1912 924 1916 =

96 1939 174 1990 cadunt,
184 1954 268 1993 casuque
277 1940 334 1980 crebo
344 1953 437 1992 equorum
452 1939 515 1988 simul,
526 1943 546 1979 et
555 1953 672 1981 assessorum
687 1954 742 1981 crura
750 1940 874 1994 franguntur,

97 1994 136 2047 qui,
146 2000 169 2035 ut
179 1996 256 2035 arseciis
271 1994 384 2043 levarentur,
399 1993 452 2034 haud
469 1994 540 2047 absque
557 1995 680 2035 contentione
696 1995 790 2036 Catholici
806 1995 874 2036 velites

96 2050 169 2091 sinunt.
198 2050 356 2103 Stratagemmate
374 2050 438 2102 regius
448 2049 542 2089 exercitus
556 2063 596 2088 non
604 2050 654 2090 nihil
663 2050 727 2090 animo
736 2050 809 2091 fractus
819 2051 873 2104 equi-

96 2103 154 2153 tibus,
165 2109 222 2159 atque
232 2104 329 2159 peditibus
338 2104 410 2156 aliquot
418 2103 547 2155 desideratisll
559 2107 578 2143 et
588 2104 677 2145 sauciatis
686 2105 707 2145 in
716 2104 781 2145 minus
790 2106 871 2159 impedi·
880 2115 939 2159 [154.]

96 2163 138 2198 tum
148 2160 229 2213 planum
235 2161 329 2214 pervenit.
357 2158 396 2199 Hic
406 2157 485 2199 O’Nelli
494 2158 584 2199 velitibus
590 2157 669 2199 defessis
678 2163 760 2213 vegetes,
772 2164 791 2200 et
800 2160 872 2214 integri

93 2215 207 2264 succedunt,
218 2215 323 2268 hBagnale
333 2227 409 2267 quoque
417 2213 489 2263 velites,
501 2217 520 2253 et
530 2213 592 2266 gravis
602 2218 703 2255 armaturae
713 2214 842 2255 bombardarii
851 2216 872 2256 in

95 2271 190 2309 certamen
207 2270 310 2323 prodeunt.
340 2269 377 2310 His
394 2273 497 2309 occurrunt
515 2267 610 2309 Catholici
626 2270 700 2322 equites
718 2270 821 2320 ferentarii,
841 2271 872 2311 vel

94 2323 141 2363 levis
150 2328 258 2365 armaturae.
273 2323 421 2379 Cataphractarii
430 2324 594 2378 cataphractarum
601 2324 708 2364 munimine
716 2324 797 2365 tutiores
806 2325 872 2366 locum

95 2378 214 2420 obtinebant.
242 2379 349 2421 Ferentani
365 2378 482 2428 dexteritate,
493 2382 513 2418 et
521 2378 622 2419 velocitate
636 2383 755 2432 prestantes,
766 2385 785 2420 et
800 2381 873 2421 iterum

95 2436 153 2487 atque
162 2435 232 2475 iterum
242 2435 362 2476 circumactis
371 2434 424 2487 equis
433 2434 454 2473 in
463 2447 550 2487 pugnam
559 2433 661 2474 redeuntes
670 2434 748 2474 vulnera
758 2435 814 2488 plura
822 2436 871 2476 infe-

28 2527 30 2534 ,
94 2492 146 2538 runt,
164 2489 206 2530 loco
224 2493 288 2530 tamen
305 2491 399 2532 cedentes.
428 2487 578 2542 Cataphractarii
593 2488 653 2529 hastis
669 2503 703 2529 sex
716 2489 791 2531 circiter
805 2490 872 2531 cubita

94 2543 157 2598 longis
173 2545 251 2586 dextero
268 2545 335 2586 femini
352 2544 423 2586 innixis
442 2543 529 2584 cominus
548 2548 642 2596 pugnant.
677 2544 783 2585 Ilerentarii
802 2547 871 2587 armati

94 2599 154 2639 hastis
163 2600 290 2654 longioribus,
301 2615 347 2655 quas
354 2600 426 2641 medias
432 2612 489 2639 manu
495 2601 582 2638 tenentes
592 2612 649 2652 super
660 2598 758 2638 dexterum
767 2600 872 2643 humerum

94 2659 170 2706 gerunt,
180 2655 223 2696 rarb
233 2656 305 2696 nisiex
315 2655 414 2696 commodo
423 2654 500 2702 feriunt,
508 2653 584 2692 interim
594 2653 632 2693 tela
641 2653 706 2706 ligneo
713 2654 778 2694 hastili
788 2659 872 2708 quatuor

94 2708 133 2748 fera
143 2710 253 2751 cubitorum
262 2711 323 2752 ferrea
339 2710 417 2764 cuspide
433 2709 490 2749 infixa
497 2706 610 2761 jaculantes.
638 2708 672 2748 lta
680 2708 756 2761 Bagnal
765 2711 872 2764 procedens

94 2777 143 2817 saepe
153 2765 177 2806 ab
188 2766 267 2806 O’Nelli
276 2766 314 2807 levi
330 2770 425 2806 armatura
440 2764 542 2804 subsistere
557 2766 640 2811 coactus,
651 2762 702 2817 saepe
717 2763 775 2805 etiam
792 2767 874 2808 eandem

93 2819 187 2871 repellens
196 2821 249 2861 haud
259 2821 327 2875 procul
336 2822 347 2861 at
356 2820 497 2861 catholicorum
507 2817 573 2858 castris
583 2817 670 2858 substitit
679 2819 725 2859 hora
739 2818 777 2862 diei
786 2821 827 2863 fere
836 2838 872 2863 un-

94 2872 173 2915 decima.
203 2876 242 2917 Hic
257 2877 348 2930 planicies
363 2876 396 2916 illa
413 2874 483 2927 duplici
499 2872 572 2926 uligine
581 2871 633 2922 hinc,
643 2873 689 2914 inde
703 2875 843 2928 coarctabatur,
854 2884 873 2918 et

90 2927 143 2968 ,inter
154 2936 262 2986 utramque
278 2931 371 2985 uliginem
386 2929 464 2979 humile,
475 2933 493 2969 et
510 2932 568 2969 tenue
584 2928 657 2969 vallum
673 2929 775 2973 altitudine
790 2937 873 2989 quatuor
