2237 3535
245 366 286 415 112
391 367 525 407 o’suunnvunr
540 379 642 406 ursronnn
657 378 782 415 carnarium,
797 379 844 407 rori.
859 378 883 405 11.
928 365 978 419 [ura.
988 377 1018 405 rr.

244 490 314 526 comes
325 480 346 518 et
354 475 436 517 Fiachus
448 474 536 515 O'Bruin
545 474 625 527 AEgydii
641 473 692 513 filius
708 489 766 528 eques
781 475 851 516 nobilis
865 474 1018 527 conjurationem

243 530 351 573 nobilitatis
361 546 381 572 sc
390 531 472 571 facturos
482 529 620 583 promittuntur
646 528 690 568 Hac
700 529 754 570 dere
764 545 808 572 cum
817 532 867 571 inter
876 530 949 583 equites
959 528 1017 578 ultro,

244 587 332 640 citroque
347 587 415 627 litterae
438 584 535 633 darentur,
551 583 620 637 equitis
637 583 737 635 cujusdam
755 599 811 636 uxor,
829 586 906 626 faemina
924 584 1018 637 zelotypia

244 641 339 692 laborans,
349 640 414 688 verita,
425 653 449 678 nc
458 638 524 679 forsan
533 637 557 679 ab
568 638 604 679 alia
613 638 690 679 faemina
706 639 776 679 marito
792 655 826 682 suo
841 640 925 695 epistolae
935 639 1018 679 fuissent

200 728 202 730 >
244 697 325 746 traditae,
341 693 442 735 dormienti
453 697 563 747 surreptam
577 708 637 734 unam
651 692 704 733 dedit
718 693 820 746 legendam
829 695 971 750 consanguineo
981 707 1017 733 suo

244 751 339 792 haeretico.
375 748 397 789 Is
417 762 457 788 rem
478 748 538 802 probe
554 748 663 802 intelligens
680 747 704 788 ad
720 761 822 801 proregem
835 751 899 791 refert.
927 749 1017 801 Proregis

241 807 297 860 jussu
312 804 385 858 equites
394 802 481 856 Lagenii,
492 807 512 844 et
521 803 593 844 Midhii
601 804 682 857 triginta
690 817 724 843 sen
733 804 817 856 repente,
828 809 847 845 et
856 806 955 860 inopinato
965 817 1017 844 com-

242 861 331 914 prehensi
346 859 455 900 afficiuntur
470 858 564 912 supplicio
577 859 674 904 summo.†
701 858 802 900 Killdariac
817 874 887 910 eomes,
903 861 936 915 qni
950 873 1017 912 capere

242 914 306 968 potuit
315 929 374 963 arma,
386 914 469 966 seguiter
478 928 518 954 rem
528 914 593 967 gessit,
609 927 629 954 se
643 912 753 966 ungrorum
767 913 845 955 arbitrio
859 915 995 969 permittendo,
1006 929 1017 954 a

243 969 312 1022 quibus
321 970 344 1010 in
352 969 430 1010 vincula
439 969 538 1023 conjectus
551 969 655 1009 incarcere
664 968 718 1009 brevi
728 968 779 1008 diem
788 969 868 1021 obivitss
897 970 1016 1018 Vicecomes,

242 1029 262 1064 et
271 1024 354 1065 Fiachus
364 1038 409 1064 cum
420 1024 525 1077 conjuratis
535 1023 607 1077 aliquot
617 1024 682 1073 vitam,
695 1026 715 1063 et
728 1022 837 1064 libertatem
850 1025 901 1065 ferro
910 1026 961 1065 tueri
971 1039 1016 1065 con-

242 1082 304 1119 antur.
334 1078 481 1120 Memorabilem
496 1093 582 1132 pugnam
592 1078 616 1119 ad
625 1078 732 1118 Muluriam
749 1077 821 1131 sylvam
837 1080 968 1129 committunt,
982 1079 1017 1119 ubi

242 1134 322 1175 Greinm
337 1134 424 1187 Auglum
434 1133 518 1174 Iberniae
531 1148 632 1187 proregcm
642 1134 682 1174 acie
691 1138 819 1187 superarunt:
834 1135 957 1187 octingentos
966 1134 1017 1174 mili-

240 1194 270 1229 tes
280 1189 397 1239 occiderunt,
408 1193 427 1229 et
435 1190 486 1229 iuter
495 1189 538 1229 illos
548 1189 645 1229 crudelem
660 1188 803 1229 Catholicorum
813 1189 919 1229 carnificem
928 1189 1017 1229 Francis-

242 1258 287 1284 cum
296 1244 390 1285 Oosbium
403 1243 461 1284 Lisiae
478 1243 609 1298 praefectum,§
621 1244 676 1297 cnjus
692 1243 780 1297 superius
795 1244 913 1285 mentionem
929 1244 1016 1284 fecimus.

240 1299 279 1339 Per
288 1299 337 1340 duos
347 1300 419 1351 aunosll
430 1298 504 1339 bellum
513 1299 674 1348 administrantes,
684 1313 729 1339 cum
738 1298 838 1340 facultates
844 1299 1015 1352 consumpsissent,

240 1354 313 1395 vicinos
323 1355 381 1396 etiam
391 1354 527 1403 devastassent,
538 1357 582 1407 post
596 1354 671 1394 crebras
684 1353 811 1404 velitationes,
822 1358 841 1394 et
850 1357 927 1407 accepta
936 1353 1016 1393 vulnera

240 1423 281 1449 non
290 1424 358 1463 pauca,
368 1409 393 1449 ad
402 1409 512 1462 pauperiem
521 1409 594 1449 redacti
604 1424 615 1449 a
624 1410 664 1449 suis
674 1408 795 1449 deseruntur.
815 1409 934 1458 Vicecomes,
946 1412 964 1448 et
974 1409 1015 1461 ejus

241 1464 299 1505 frater
315 1465 337 1505 iu
354 1464 469 1517 Hispaniam
483 1464 580 1517 fugientes
594 1479 605 1504 a
618 1463 709 1517 Philippo
728 1463 816 1504 Secundo
830 1478 875 1518 rege
894 1464 1014 1518 pientissimo

242 1519 323 1572 excepti,
337 1520 383 1559 dum
392 1519 483 1559 vixerunt
491 1519 550 1572 regiae
563 1519 699 1559 munuficentia
714 1518 769 1558 donis
778 1519 857 1560 fuerunt
866 1519 913 1568 aliti,
924 1522 944 1558 et
953 1518 1015 1559 ornati

241 1573 274 1614 Ita
283 1573 367 1615 Rolandi
375 1573 460 1614 Eustatii
468 1573 593 1614 Vicecomitis
601 1574 642 1622 filii,
652 1577 672 1612 et
681 1573 753 1613 familia
762 1577 881 1623 corruerunt,
891 1577 914 1613 ut
923 1574 960 1627 ipsi
969 1587 1015 1613 noc-

241 1632 321 1669 turnum
330 1629 368 1669 hoc
378 1642 459 1678 carmen,
471 1628 524 1681 quod
534 1629 620 1682 superius
630 1628 739 1678 memoravi,
749 1629 853 1681 portendit.

402 1716 446 1755 Qua
450 1716 482 1759 jus
490 1715 577 1750 Ecclesiae
584 1716 662 1760 pervasit
669 1727 723 1750 avara
731 1716 802 1760 cupido,

423 1761 456 1794 Illa
464 1761 516 1805 gravi
523 1772 579 1805 pagos
588 1761 675 1805 opprimet
682 1772 717 1794 aere
726 1765 777 1794 tuos:

399 1805 426 1839 Et
434 1806 489 1844 dabit,
498 1810 518 1838 ut
526 1805 586 1839 subito
594 1806 663 1839 soboles
671 1810 702 1839 tua
710 1810 783 1840 corruat
792 1807 853 1845 omnis,

422 1850 449 1884 Ut
457 1850 500 1884 folia
508 1850 557 1884 aerio
565 1851 676 1896 praecipitata
683 1851 730 1884 loco.

239 1906 323 1970 Fiachus
332 1928 385 1970 haud
395 1929 448 1982 prins
463 1928 553 1981 deposuit
567 1943 625 1978 arma,
641 1943 697 1982 quam
713 1928 865 1970 incolumitatem
874 1931 967 1982 pactuatl
976 1929 1014 1969 fuit

184 2009 230 2052 [93¹]
237 1985 259 2026 in
266 1984 427 2039 possessionibus,
437 1983 541 2035 relictusn-

564 2235 621 2277 OAP.
637 2233 683 2275 XV.

407 2346 481 2380 Bellum
489 2345 587 2378 secundum
595 2343 732 2377 (liraldinorum
740 2339 841 2375 Momoniae.

234 2436 287 2477 Hanc
296 2437 318 2477 in
327 2436 407 2478 lbernit
416 2436 463 2476 dum
473 2437 573 2489 geruntur,
585 2434 598 2474 J
598 2434 661 2475 aimus
671 2430 782 2472 Giraldinus
793 2431 815 2472 de
825 2447 863 2486 quo
872 2433 964 2473 fusiorem
972 2447 1010 2473 ser-

232 2506 310 2533 monem
319 2492 445 2542 instituimus,
455 2491 478 2531 in
487 2489 602 2544 Hispaniam
619 2489 665 2529 cum
679 2486 769 2537 venisset,
783 2486 873 2543 Philippo
883 2488 912 2529 Π.
923 2489 964 2541 regi
969 2488 1010 2528 'Ca-

256 2601 304 2635 *‘'See
311 2600 418 2635 Desmond’s
425 2600 479 2633 letter
487 2603 506 2633 to
515 2598 572 2632 Fiach
581 2597 663 2642 O'Byrnc
671 2594 712 2646 end,
719 2593 811 2629 Eustace's
819 2600 837 2629 to
847 2595 944 2630 Ormcnde.
963 2596 1009 2638 (lox,

231 2659 261 2692 pp.
270 2649 310 2686 361,
319 2649 359 2681 369.
378 2646 399 2713 lu
407 2646 436 2679 the
444 2645 505 2684 latter,
515 2644 606 2678 Ormcnde
614 2642 629 2675 is
637 2639 729 2717 remlldresd
735 2639 757 2718 qs
761 2640 885 2720 firisllgigngman
894 2641 919 2675 St.
929 2640 1009 2675 Thomas

232 2691 372 2783 Ofilllldi‘liblilid
377 2689 535 2781 pedibirdsslldnggeld
540 2688 638 2768 lirulJiibliir
643 2686 759 2770 ldisnea’sonj
767 2710 816 2766 ᾸᾸ)
827 2711 951 2765 lter-Fon
960 2719 1007 2765 Mas-

231 2786 273 2816 ters.

255 2826 304 2871 ssSee
310 2827 361 2860 third
368 2826 403 2860 last
409 2831 456 2861 note.
710 2854 712 2858 .

256 2872 320 2912 §Aah
330 2875 380 2907 1580.
396 2872 415 2905 in
429 2870 551 2905 Glenmalure.
576 2869 608 2903 See
616 2866 717 2900 Donovan's
725 2866 776 2900 nour
785 2866 867 2904 Masters,
873 2876 890 2909 p.
899 2865 948 2902 1738.

255 2916 262 2958 ll
268 2916 293 2949 To
301 2916 332 2950 the
341 2917 394 2950 death
406 2917 427 2950 of
431 2917 462 2950 the
470 2916 517 2950 Earl
525 2915 546 2949 of
551 2911 649 2961 Desmond,
657 2911 703 2946 nl).
714 2913 834 2952 raon-Gor,
843 2922 861 2956 p*
869 2910 907 2947 375.

255 2960 322 3003 MD.
333 2961 452 3003 1584.-ch‚
461 2973 478 3005 p.
487 2963 527 2993 380.
