2237 3535
103 416 147 444 ear.
157 401 206 455 xri]
264 415 291 442 nn
301 414 397 446 ounruon
406 415 477 444 rnrnrs
487 415 647 445 rnnsrourroms
656 414 748 442 runcrrs.
832 404 871 443 285

102 510 874 568 tatistramiteavertant,urgentadregiiprinoipatusjusjurandumomnesadi-

103 570 176 621 gentes.
206 566 238 607 Ad
253 566 304 620 quod
321 569 413 613 sessiones
428 573 447 610 et
463 573 577 617 conventus,
588 581 630 621 quae
640 566 727 620 superius
736 566 775 606 late
785 565 875 619 explicui-

103 636 153 669 mus,
169 625 247 675 cogunt.
277 622 373 663 Sessiones
388 637 430 677 quae
446 624 545 678 generales
562 623 652 663 dicuntur
666 622 688 662 in
705 621 786 676 singulis
795 620 875 661 urbibus

103 676 234 726 nobilioribus,
252 680 271 717 et
285 678 442 732 populosioribus·
455 679 496 730 bis,-
512 693 555 732 quac
574 678 679 718 trimestres
695 679 838 730 nuncupantur,
855 675 876 715 in

104 731 185 785 singuiis
194 732 288 782 tribubus,
299 734 333 786 qui
342 733 400 786 vulgb
415 734 517 776 comitatus
533 737 626 775 vocantur
643 736 711 786 quater
725 731 829 785 quotannis
843 730 876 770 ha-

104 786 180 827 bentur.
208 786 233 827 ln
242 788 278 828 hos
287 793 398 838 conventus,
405 803 476 839 omnes,
488 789 527 843 qui,
537 788 568 829 vel
576 802 664 842 agrorum
672 787 786 841 paucissima
794 786 874 840 jugerall
883 797 942 839 [aad]

65 867 67 870 .
104 841 208 895 possident,
218 843 249 883 vel
258 842 320 896 aliquo
329 843 351 883 in
359 843 456 896 republica
472 858 551 885 munere
565 844 680 896 funguntur,
696 847 806 884 evocantur.
836 840 876 885 Qui

104 901 158 937 metu
166 898 268 950 juramenti
277 898 345 946 territi,
355 898 386 938 vel
399 899 558 953 occupationibus
571 898 660 951 impediti
669 899 747 939 statutis
756 895 876 950 temporibus

80 976 81 979 =
105 951 130 992 ad
140 953 215 993 comitia
224 966 264 993 non
274 952 396 1002 conveniunt,
413 952 507 994 bonorum
515 953 652 1007 publicatione,
663 953 730 1007 capitis
740 952 875 1000 diminutione,

104 1007 136 1047 rel
145 1007 181 1047 aha
188 1009 246 1061 pient
255 1006 390 1056 erudelissima,
397 1008 499 1061 saepissime
508 1011 570 1048 morte
578 1008 696 1061 plectuntur.
725 1008 765 1053 Qui
775 1007 877 1048 confluunt

104 1061 148 1111 illis,
164 1061 209 1102 dum
225 1065 301 1114 ternpus
316 1061 432 1102 sessionibus
448 1063 514 1112 fixum,
525 1067 545 1103 et
554 1062 651 1103 decretum
665 1063 764 1115 permittit,
780 1063 818 1103 hoc
827 1061 876 1115 regii

105 1117 222 1169 principatus
231 1118 252 1157 in
262 1117 341 1157 ecclesia
351 1130 428 1156 suorum
437 1131 541 1170 regnorum
550 1117 631 1171 impium
639 1118 773 1171 jusjurandum
784 1118 875 1158 defertur.

105 1172 197 1212 Catholici
213 1172 290 1225 quidem
305 1172 380 1212 malunt
394 1176 474 1212 mortem
489 1171 559 1220 subire,
570 1185 627 1225 quam
636 1178 712 1212 tantum
722 1173 797 1213 sceleris
807 1172 875 1212 admit-

105 1230 151 1270 tere.
180 1225 309 1271 Quamobrem
325 1225 444 1276 nobilissimi,
461 1226 598 1279 clarissimique
614 1226 650 1266 viri
668 1227 777 1281 municipiis
793 1227 839 1276 suis,
857 1231 877 1266 et

104 1282 229 1334 vectigalibus
239 1280 364 1321 abdicantur:
378 1281 501 1334 magistratus
511 1281 578 1321 officiis
587 1281 680 1330 civilibus,
691 1286 710 1320 et
718 1282 800 1335 puhlicis
814 1295 876 1321 remo-

105 1342 179 1386 ventur,
188 1337 210 1376 in
219 1350 285 1375 eorum
294 1336 359 1375 locum
368 1335 479 1388 alienigenis
488 1336 565 1388 Anglis,
576 1341 632 1387 atque
639 1336 701 1375 Scotis
707 1336 800 1377 haereticis
810 1340 877 1376 eontra

105 1391 160 1444 regni
178 1390 283 1444 privilegia,
300 1394 320 1429 et
339 1390 498 1430 consuetudinem
514 1389 604 1430 suffectis.
639 1390 671 1430 De
686 1390 840 1444 religiosissimis,
857 1396 876 1430 et

105 1444 187 1485 maxime
203 1446 240 1497 piis
255 1444 371 1492 hominibus,
387 1444 443 1496 quam
461 1444 618 1484 inhumanissime
634 1444 747 1485 decernitur.
777 1445 837 1485 Haud
847 1459 877 1484 oa·

106 1501 163 1553 piunt
171 1499 249 1553 publica
257 1498 344 1552 patibula
359 1498 496 1539 condemnatos
505 1499 530 1538 ad
539 1503 627 1538 mortem.
655 1499 696 1539 Alii
704 1499 726 1539 in
735 1499 797 1540 obviis
807 1500 878 1540 arbori-

68 1564 70 1568 ’
106 1555 143 1595 bus
153 1553 297 1608 suspenduntur
303 1571 309 1603 ;
320 1553 353 1593 alii
362 1567 385 1592 ex
395 1553 493 1593 hortorum
504 1553 567 1606 pomis
576 1553 644 1606 laqueo
654 1555 805 1606 strangulantur,
813 1554 880 1594 lberni

106 1613 184 1663 propter
193 1608 251 1649 fidem
261 1622 335 1648 summo
353 1606 446 1661 supplicio
460 1608 583 1648 afficiuntur:
597 1608 658 1661 Angli
668 1608 692 1649 ob
703 1609 811 1658 homicidia,
821 1610 879 1658 furta,

106 1665 188 1717 rapinas,
203 1663 283 1703 violatas
298 1663 388 1716 virgines,
405 1662 476 1702 alienos
485 1667 538 1703 toros
548 1664 687 1704 contaminatos
697 1677 746 1717 saepe
755 1663 834 1705 minime
844 1678 880 1717 pu-

107 1720 194 1759 niuntur.
221 1717 255 1758 Ne
271 1732 316 1758 vero
332 1717 426 1758 Catholici
443 1719 500 1758 causat
513 1718 611 1770 religionis
626 1719 691 1771 puniri
701 1720 768 1759 animae
778 1720 880 1760 amissione

107 1774 214 1822 videantur,
224 1773 246 1812 hi
254 1772 307 1821 furti,
324 1772 354 1812 illi
369 1772 419 1812 laesae
433 1772 544 1825 majestatis,
555 1772 588 1812 alii
597 1773 633 1813 alio
644 1773 722 1813 crimine
735 1774 879 1822 insimulantur,

108 1834 128 1869 et
137 1843 175 1869 uno
185 1832 234 1868 teste
244 1840 371 1881 quocumque,
381 1826 437 1866 etiam
448 1831 545 1880 corrupto,
555 1827 586 1866 vel
599 1827 677 1867 inimico
688 1828 809 1869 damnantur.
838 1828 879 1869 Reo

107 1888 165 1924 testes
174 1884 195 1924 in
205 1896 259 1922 suam
270 1882 399 1921 defensionem
409 1881 513 1933 producere
527 1882 660 1922 interdicitur:
675 1887 752 1936 tempus
761 1884 785 1924 ad
795 1898 880 1937 purgan-

108 1938 155 1978 dum
164 1939 235 1978 crimen
245 1940 331 1989 negatur.
361 1935 431 1987 Neque
437 1935 488 1975 filius
496 1950 572 1976 causam
578 1937 643 1989 patris,
651 1951 708 1989 quem
714 1939 749 1978 scit
756 1938 880 1978 innocentem

107 1993 177 2033 summi
191 1991 267 2032 sceleris
283 1991 344 2042 argui,
361 2003 420 2037 orare,
430 2004 465 2030 neo
477 1990 535 2031 alium
545 1990 574 2031 illi
583 1995 686 2044 patronum
695 1992 790 2042 adhibere,
800 1993 881 2046 impune

107 2044 177 2101 potestss
206 2045 245 2085 Hic
253 2045 349 2098 judicium
357 2043 406 2084 illud
417 2045 516 2085 duodecim
526 2046 617 2095 virorum,
628 2047 679 2099 quod
690 2048 776 2100 superius
786 2048 879 2088 latissime

108 2102 250 2149 declaravimus,
261 2099 356 2140 Catholici
371 2099 434 2139 subire
451 2099 603 2153 compelluntur:
619 2105 638 2140 et
648 2115 673 2141 ne
682 2101 792 2151 liberentur,
803 2102 880 2143 ibernis

107 2157 181 2211 rejectis
196 2154 263 2208 Angli,
280 2159 299 2194 et
315 2154 368 2195 Scoti
382 2153 455 2208 judices
469 2155 591 2204 adhibentur,
602 2169 683 2208 quorum
698 2156 774 2197 arbitrio
784 2171 828 2198 reus
839 2172 880 2198 sese

108 2211 217 2266 permittere
226 2209 299 2259 nolens,
309 2224 345 2263 pro
355 2209 440 2250 confesso
449 2209 527 2250 habitus
542 2209 649 2251 damnatur.
678 2210 736 2255 Quod
746 2212 762 2251 si
772 2213 879 2265 contingat,

108 2271 132 2306 ut
139 2265 212 2320 judices
222 2264 329 2314 duodecim,
339 2264 370 2305 vel
379 2278 422 2317 pars
431 2278 497 2305 eorum
507 2265 547 2305 sint
560 2264 659 2314 Catholici,
670 2265 693 2306 ab
707 2266 783 2320 illisque
792 2281 837 2307 reus
847 2267 880 2308 ab·

110 2321 199 2369 solvatur,
216 2320 253 2372 ipsi
269 2319 385 2372 gravissimis
401 2319 462 2371 penis
479 2319 595 2360 afficiuntur.
623 2320 693 2373 Neque
703 2320 737 2362 hac
747 2322 825 2375 quidem
835 2337 881 2363 con-

108 2380 202 2417 ventuum
216 2375 324 2427 frequentia
339 2373 492 2428 judiciorumque
509 2374 621 2415 crudelitate
637 2375 697 2429 Angli
707 2377 798 2426 contenti,
808 2377 882 2418 habent

109 2432 191 2480 lictores,
201 2430 324 2483 apparitores,
335 2433 369 2470 aut
378 2433 493 2478 executores,
504 2433 524 2469 et
533 2429 580 2470 alios
594 2431 697 2480 ministros,
709 2444 755 2484 quos
765 2432 802 2485 ipsi
811 2438 882 2473 vocant

109 2486 226 2534 Mariscales,
236 2484 323 2533 shirifl'es,
333 2483 487 2536 subshiriffesque
496 2498 546 2538 pene
564 2485 681 2535 innumeros,
691 2485 737 2526 alios
748 2487 828 2539 equites,
835 2487 882 2528 alios

110 2542 190 2596 pedites,
201 2540 288 2580 homines
294 2554 339 2580 sane
345 2537 475 2591 nequissimos,
484 2543 542 2591 atquc
549 2539 703 2581 sceleratissimos
710 2540 732 2583 ab
741 2542 794 2581 omni
803 2543 881 2595 pietate,

111 2602 131 2637 et
140 2595 258 2638 humanitate
273 2594 331 2648 longe
346 2598 438 2634 terrarum
453 2593 536 2634 dissitos.
565 2593 608 2634 Hos
618 2595 720 2644 destinant,
730 2601 752 2636 ut
761 2610 795 2649 per
804 2597 882 2650 oppida,

110 2666 176 2706 pagos,
187 2650 247 2699 villas,
257 2649 313 2698 aedes,
324 2647 426 2697 conclavia,
437 2652 456 2688 et
465 2662 531 2688 omnes
546 2648 626 2702 angulos
643 2655 764 2690 excurrentes
773 2651 883 2694 Catholicos

111 2708 156 2747 vitae
165 2707 257 2747 rationem
274 2704 353 2745 reddere
367 2703 488 2757 compellant,
497 2703 519 2743 in
528 2704 605 2743 comitia
619 2709 695 2757 cogant,
707 2706 783 2746 mulctis
792 2708 882 2760 puniant,

112 2762 164 2802 falsis
173 2760 305 2802 instrumentis
315 2758 419 2813 majestatis
428 2758 477 2798 laesae
484 2772 526 2798 reos
534 2763 598 2810 agant,
604 2759 702 2800 interdurn
707 2761 775 2801 animae
781 2762 884 2806 amissione

113 2820 222 2857 coerceant:
238 2830 303 2856 eorum
319 2814 439 2855 haereditates
455 2812 545 2867 erpilent,
560 2811 611 2853 bona
627 2814 768 2865 auchonentur,
786 2832 846 2869 sacra,
866 2824 885 2860 et

113 2871 191 2922 profana
207 2871 348 2911 commisceant.
378 2868 410 2908 Ita
425 2867 630 2908 Christianissimorum
646 2869 730 2910 uirorum
745 2871 796 2913 aedes
810 2874 886 2928 ingenti
904 2898 906 2903 =

113 2937 197 2975 maerore,
214 2926 275 2975 luctu,
285 2930 304 2966 et
317 2924 404 2979 squalore
420 2937 486 2963 mersae
502 2926 586 2976 torpent,
603 2924 680 2965 nefariae
696 2926 886 2971 sceleratissimorum

114 2978 199 3030 officinae,
210 2980 288 3033 gaudio,
298 2980 402 3033 laetitiaque
411 2978 503 3020 exultant.
532 2978 564 3019 Ita
573 2977 619 3020 boni
628 2983 688 3021 tante
697 2984 805 3034 tyrannidis
815 2989 886 3026 terrore
