2237 3535
237 284 262 322 20
376 281 510 323 o’sucuuvanr
525 294 625 322 ursroann
641 293 766 330 CATHOchAE,
781 296 828 324 rou.
839 295 853 322 r.
918 282 967 335 [nra.
984 295 1008 322 rr.

237 391 366 445 Evangelinm
376 392 483 446 antiquitus
497 390 632 445 promulgaret,
648 393 735 443 quamvis
744 392 885 447 philosophiam
896 406 950 432 snam
960 391 1009 432 divi-

237 460 289 496 nam,
300 447 385 501 caeloque
395 447 497 501 collapsam
507 448 551 487 vitae
561 460 637 499 quoque
646 445 757 499 integritate
772 453 791 489 et
800 448 934 489 miraculorum
944 446 1009 486 multi-

237 501 307 543 tudine
325 504 456 544 confirmaret:
471 502 567 555 indigenae
583 505 648 542 tamen
663 505 718 541 erant
734 503 782 544 adeo
798 504 894 553 obstinati,
912 506 934 543 ut
949 502 1009 554 longo

182 559 230 601 [ld]
238 560 326 612 ternpore
335 573 403 612 parum
412 558 523 612 pretaeriti}
554 556 683 601 Quamobrem
693 560 716 596 ut
725 571 757 597 eos
767 558 791 599 ab
798 559 892 600 indomita
900 558 975 599 feritate
985 556 1010 597 ad

238 613 323 654 melioris
333 614 377 654 vitae
387 614 462 666 frugem
471 615 566 652 verteret:
581 627 592 652 a
602 611 670 665 gentili
679 613 814 665 superstitione
829 615 854 655 ad
863 614 931 656 divinae
941 612 1009 652 verita-

238 668 264 709 tis
274 668 406 722 cognitionem
415 669 505 717 duceret,
516 682 527 707 a
536 666 629 707 malorum
636 666 744 707 daemonum
754 670 846 709 servitute
855 670 876 709 in
882 669 1009 710 Christianam

238 722 348 764 libertatem
357 727 454 771 assereret,
470 726 490 762 et
505 722 608 762 instrueret
623 722 679 761 bouis
694 721 786 772 moribus,
797 724 821 764 de
831 725 928 778 perpetuis
937 723 1010 763 Averni

238 780 308 831 poenis,
331 778 354 818 de
372 777 483 832 ingentibus
501 777 608 830 purgatorii
631 777 754 826 cruciatibus,
774 778 797 818 de
816 794 891 820 summa
910 780 1009 820 beatorum

239 835 311 886 quiete,
328 836 348 873 et
361 832 499 886 tranquillitate
515 831 628 872 creberrime
642 831 701 872 rerba
716 832 805 873 faciebat.
833 834 929 875 Caeterum
945 848 969 874 ne
978 833 1010 873 his

239 889 318 940 quidem
336 888 399 928 nervis
417 887 481 941 potuit
504 886 606 927 obstinatae
628 887 683 939 genti
706 901 761 928 suam
784 889 899 930 sententiam
923 888 1025 943 probare.¹

239 943 318 997 Quippe
328 942 420 983 diabolica
429 941 496 982 fraude
506 941 580 995 decepti
590 941 676 995 plerique
681 942 829 996 respondebant,
840 944 930 985 dedecere
940 958 960 983 se
968 947 1010 984 tam

238 998 306 1039 mobili
316 1001 335 1039 et
343 996 460 1038 inconstanti
469 997 534 1037 animo
544 1010 590 1046 esse,
605 1002 627 1037 ut
637 997 749 1050 alienigenae
758 999 868 1039 testimonio
879 1000 939 1049 ducti,
949 1014 960 1039 a
969 1013 1009 1039 ma-

236 1053 302 1106 jorum
311 1052 411 1102 institutis,
421 1066 432 1093 a
441 1052 505 1105 prisca
519 1052 658 1093 consuetudine
674 1053 781 1106 antiquiore
796 1054 897 1094 hominum
912 1055 1009 1103 memoria,

239 1108 264 1148 ad
273 1122 343 1148 novam
352 1112 410 1160 atque
419 1107 550 1160 superioribus
560 1107 635 1148 saeculis
640 1108 746 1148 inauditam
755 1108 866 1162 religionem
874 1109 1009 1149 desciscerent:

239 1164 346 1216 praesertim
356 1177 401 1203 curn
413 1163 473 1202 Divus
483 1162 576 1203 Patritius
586 1177 609 1203 ea
618 1177 661 1216 quae
671 1163 747 1204 dicebat
762 1178 802 1203 non
813 1164 935 1204 ostenderet:
950 1178 972 1203 ac
981 1164 1009 1204 ita

238 1232 259 1257 se
268 1218 322 1271 prius
331 1217 358 1258 illi
368 1218 426 1258 fidem
435 1232 476 1258 non
485 1218 584 1258 habituros
594 1232 652 1271 quam
660 1217 713 1259 illam
721 1218 837 1259 foelicitatem
846 1222 903 1272 atque
914 1219 1009 1259 calamita-

238 1277 278 1313 tem
288 1272 348 1313 oculis
358 1275 442 1314 cemant.
472 1272 537 1317 (duam
546 1272 571 1313 cb
586 1288 654 1314 caecam
672 1274 772 1314 hominum
788 1274 937 1315 obstinationem
946 1273 1010 1314 Divus

239 1328 330 1382 opinione
339 1328 423 1369 omnium
434 1328 526 1382 majorem
540 1329 596 1381 caepit
612 1329 675 1369 animo
694 1329 784 1370 dolorem.
813 1329 935 1370 Consulendo
945 1332 1009 1368 tamen

239 1383 297 1423 saluti
307 1384 369 1437 gentis
379 1384 416 1424 sibi
429 1385 537 1424 commissae
551 1384 630 1424 minime
647 1384 738 1433 defessus,
754 1399 788 1438 pro
805 1400 828 1425 ea
836 1384 921 1424 Domino
937 1384 1009 1437 majora

237 1439 316 1491 jejunia,
334 1453 399 1492 preces
416 1439 502 1479 devovet.
539 1438 616 1482 (litibus
633 1439 687 1479 Deus
703 1439 852 1492 benignissimus
873 1453 960 1479 annuens
980 1439 1010 1479 illi

242 1494 308 1545 (sicuti
318 1493 398 1546 solebat)
411 1495 523 1547 comparuit,
540 1493 656 1547 donavitque
671 1494 742 1534 librum
752 1493 857 1547 Evangelia
873 1498 939 1535 sancta
948 1494 1009 1534 conti-

239 1554 314 1589 tentem
324 1552 343 1588 et
353 1550 443 1602 stipitem,
455 1550 488 1602 qui
495 1549 543 1589 Jesn
552 1548 624 1590 Christi
634 1549 714 1589 baculus
724 1550 836 1602 appellatur,
847 1553 866 1589 et
875 1549 949 1597 merito,
965 1563 1009 1588 cum

241 1603 265 1643 ab
272 1618 294 1644 eo
304 1604 362 1644 inerit
371 1604 423 1644 fideli
432 1618 486 1644 servo
497 1605 559 1644 datus.
576 1604 665 1657 Utroque
674 1619 719 1645 uero
729 1604 778 1644 libro
788 1609 806 1644 et
817 1603 884 1645 baculo
891 1604 1009 1657 significatur

241 1673 282 1698 esse
298 1659 403 1699 Patritium
417 1658 500 1699 iberniae
509 1659 638 1712 Apostobum,
654 1663 673 1699 et
689 1660 796 1713 praesidem,
813 1659 973 1712 quemadmodum
988 1660 1009 1699 in

240 1714 301 1767 ipsius
311 1714 351 1754 vita
365 1715 461 1755 memoriae
474 1715 568 1767 proditur.
597 1715 693 1755 Praeterea
701 1715 722 1755 in
736 1714 800 1755 locum
816 1714 886 1763 auium,
901 1727 1009 1768 magnaque

240 1769 344 1810 solitudine
353 1773 429 1809 vastum
439 1784 482 1809 eum
493 1769 549 1810 duxit
554 1787 561 1819 3
575 1769 610 1810 ubi
619 1769 719 1810 obscuram
729 1784 807 1823 specum
816 1769 845 1810 illi
853 1769 940 1809 indicans
955 1772 968 1790 “
975 1770 1008 1822 qui

239 1825 316 1877 inquit'
327 1825 430 1877 apeccatis
440 1838 483 1877 quae
499 1824 596 1865 Sacerdoti
611 1825 699 1878 panderit
713 1824 812 1865 absolutus
828 1828 846 1864 et
862 1838 928 1864 eorum
944 1824 1009 1865 dolore

240 1879 320 1919 affectus
329 1879 379 1919 banc
388 1880 499 1933 speluncam
505 1880 564 1920 luerit
572 1880 675 1933 ingressus,
692 1884 757 1920 reatus
773 1880 848 1921 reniam
862 1878 972 1933 impetrabit
989 1884 1009 1920 et

239 1934 272 1974 illa
282 1938 366 1974 extrema
376 1939 534 1989 qnaepeccatores
544 1939 638 1988 coguntur
651 1935 726 1988 perpeti
735 1934 813 1975 ridebit.
840 1934 935 1975 Creatoris
944 1934 1008 1974 indul-

238 1990 304 2042 gentia
314 1993 369 2029 tanta
378 1989 441 2031 Divus
450 1990 573 2031 vehementer
586 1990 668 2039 laetatur,
680 1991 786 2044 praesertim
802 1989 853 2043 quod
863 1993 939 2031 ostensa
949 2005 1008 2044 specu

237 2044 348 2085 hominibus
359 2059 425 2098 parum
435 2045 518 2086 credulis
528 2059 548 2084 se
556 2045 614 2085 fidem
623 2045 720 2086 facturum
728 2045 816 2099 putabat.

265 2100 302 2140 Est
312 2104 377 2141 autem
385 2101 426 2141 haec
436 2114 504 2154 specus
514 2100 612 2150 ininsula,
627 2114 670 2153 quae
683 2100 728 2141 lacu
737 2115 814 2153 magno,
823 2099 958 2154 profundoque
968 2114 1007 2139 arn-

237 2154 296 2195 bitnr.
324 2155 374 2196 Eam
383 2156 446 2196 Divus
455 2156 529 2197 foribus
539 2156 613 2206 clausit,
623 2156 712 2208 valloque
726 2155 860 2203 circumduxit,
870 2160 889 2194 et
896 2155 952 2208 juxta
962 2169 1007 2195 con-

237 2211 308 2251 struxit
327 2211 389 2251 oedem
409 2211 522 2252 destinatam
541 2211 638 2252 canonicis
660 2210 780 2263 regularibus
801 2210 891 2263 (qnorum
909 2210 1008 2263 religionis

237 2270 304 2306 entant
321 2265 342 2306 in
361 2266 440 2306 ibernia
459 2266 557 2320 complura
574 2266 691 2306 monasteria
710 2269 829 2318 sumptuosa,
848 2265 956 2318 majoraque
970 2265 1008 2306 hoc

238 2321 339 2373 caenobio.)
351 2321 494 2362 Canonicorum
500 2322 600 2369 Praeiecto,
609 2320 673 2370 (Prior
679 2321 766 2372 vocatur)
776 2321 826 2360 antri
836 2319 896 2360 claves
904 2321 1006 2361 commisit.

237 2375 313 2420 Quibus
323 2380 399 2417 constat
407 2391 447 2417 non
456 2376 558 2425 immerito,
568 2376 682 2429 Purgatorio
692 2375 738 2416 Diu·
751 2376 830 2415 Patricii
839 2389 909 2415 nomen
923 2376 1007 2416 inditum

237 2431 301 2471 luisse.
332 2431 357 2471 In
366 2432 387 2472 id
404 2446 446 2472 cum
462 2431 558 2471 Patricius
574 2431 628 2481 vixit,
644 2430 701 2471 multi
716 2434 761 2471 suut
770 2431 852 2484 ingressi
861 2445 918 2471 causa
928 2431 1007 2471 crimina

237 2486 339 2539 purgandi,
354 2501 436 2540 quorum
445 2486 542 2535 normulli,
558 2487 590 2539 qui
606 2487 694 2536 nutantis
708 2487 753 2526 fidei
767 2486 851 2533 fuerunt,
868 2486 950 2539 amplius
966 2500 1007 2526 non
1022 2505 1023 2511 ¹

184 2549 230 2590 [lt]
238 2542 348 2582 extiterunt.
377 2541 443 2582 Atilii
453 2542 487 2595 qui
496 2542 550 2582 firma
565 2546 584 2582 et
592 2541 710 2582 immutabili
724 2541 761 2581 fide
778 2540 914 2581 muniebantur
923 2541 1005 2593 reversiil

236 2596 349 2646 retulerunt,
360 2612 380 2637 se
390 2597 463 2638 Oreum
479 2597 555 2646 vidisse,
565 2597 654 2650 ingentes
671 2597 766 2637 cruciatus
783 2610 823 2636 esse
838 2609 943 2648 perpessos,
953 2610 1006 2648 mag-

236 2664 280 2690 nam
292 2665 367 2704 quoque
375 2653 460 2706 requiem
470 2657 490 2693 et
498 2652 615 2693 felicitatem
627 2651 688 2691 oculis
697 2651 794 2692 lustrasse.
824 2650 912 2694 Quorum
920 2652 1006 2691 testimo-

237 2706 270 2745 nia
279 2704 342 2746 Divus
349 2706 428 2760 jubebat
437 2709 490 2748 notis
499 2708 567 2761 excipi,
577 2708 598 2748 in
605 2707 721 2747 monasterio
728 2706 825 2755 custodiri,
835 2709 855 2745 et
864 2706 925 2746 calato
935 2706 1007 2759 populo

237 2760 352 2814 praestitutis
366 2762 432 2803 diebus
450 2764 526 2816 exponi.
555 2763 616 2803 Nefas
631 2765 697 2802 autem
711 2764 745 2810 est,
761 2774 876 2814 quemquam
890 2764 967 2801 antrum
976 2761 1006 2801 in*

235 2816 285 2856 roire
296 2815 335 2855 nisi
344 2816 368 2856 ad
383 2819 476 2871 expianda
492 2822 571 2872 peccata
586 2822 605 2858 et
620 2819 741 2870 ingressurus
759 2817 802 2857 haec
818 2830 874 2868 agere
891 2817 1006 2857 consuescit.

234 2871 352 2925 Principioa
362 2874 450 2925 pontifice
460 2873 490 2915 rel
499 2875 595 2928 episcopo,
606 2873 661 2926 cujus
670 2872 742 2913 finibus
748 2871 880 2925 purgatorium
891 2870 1006 2921 continetur,
