2237 3535
264 413 304 452 itt
418 413 550 453 o'sumuvrur
565 423 667 451 ursronrm
681 424 806 466 curnomom,
816 429 864 457 rou.
880 429 913 456 111.
945 417 995 469 [ana.
1010 430 1034 457 11.

263 527 283 563 et
292 521 375 564 Iberniae
384 522 472 575 majorem
483 533 548 560 curam
564 519 640 570 habere,
651 521 756 563 antistitem
766 525 845 578 prolixis
855 525 966 568 muneribus
976 525 1034 566 dona-

263 582 306 618 tum
315 592 358 619 cum
368 575 468 629 legationis
477 588 574 628 responso,
585 575 629 616 data
638 576 683 616 navi
698 577 803 621 dimittens.
831 581 892 623 Navis
902 596 924 622 eu
936 580 1036 635 Hispaniae

264 634 302 674 oris
312 637 412 687 postquam
426 629 490 678 solvit,
499 644 566 670 rursus
582 634 683 671 ventorum
698 636 757 684 atque
766 637 885 688 tempestatis
899 638 918 678 vi
928 637 950 677 in
958 639 1036 690 portum

265 687 390 741 compellitur,
407 684 491 738 dumque
506 685 634 738 tranquillitas
651 692 670 725 et
686 687 782 728 secundus
796 695 866 732 ventus
880 695 997 746 expectatur,
1006 691 1035 731 in-

264 743 320 783 terim
329 740 399 781 accidit
408 743 430 780 ut
439 740 541 793 praelectus
556 740 601 780 nari
611 756 622 781 a
631 755 676 794 rege
693 742 816 794 constitutus
826 745 848 786 iu
858 761 880 787 eo
890 747 962 802 oppido
981 746 1036 799 (Sant

264 797 330 837 Ander
340 794 399 848 vulgo
409 794 527 847 nominatur)
544 795 607 835 rixans
621 796 719 836 hominem
728 797 825 848 occiderit,
836 802 870 853 qui
878 816 903 842 ne
914 817 925 843 a
934 802 971 843 loci
985 801 1035 856 judi-

265 852 318 892 cibus
335 849 515 904 apprehenderetur,
533 850 639 890 antistitem
649 855 668 891 et
678 855 755 892 caeteros
765 853 787 893 in
796 855 861 895 navim
876 857 983 910 impositos,
993 870 1036 909 pro-

265 906 316 946 cellis
333 909 353 945 et
369 905 452 946 adversis
468 904 546 945 flatibus
563 904 655 958 objiciens
672 920 716 946 cum
730 907 820 948 omnibus
836 911 899 963 periit,
910 915 959 952 aestu
968 911 1037 953 obnrtt

263 961 314 1001 navi.
343 959 413 1000 Paucis
432 959 477 1000 inde
496 960 550 999 annis
569 966 605 1000 rex
624 960 734 1002 Catholicus
751 962 830 1003 classem
846 965 867 1005 in
881 965 980 1007 iberniam
993 979 1037 1006 cum

264 1017 339 1065 17‚000
357 1015 441 1056 militum
456 1014 508 1054 mitti
522 1014 583 1068 jubet,
595 1029 637 1067 quac
648 1016 672 1056 ad
682 1016 769 1058 Galletiae
784 1017 855 1068 locum,
871 1034 913 1073 quae
930 1021 1037 1062 Corcuvion

264 1070 334 1111 dicitur
343 1069 465 1123 naufragium
474 1069 693 1119 tecit10,000militum
704 1071 801 1112 obrutis.lt
828 1073 910 1116 Interim
917 1075 1037 1117 O'Donellus

263 1125 316 1167 haud
331 1125 408 1175 dubius,
419 1125 466 1177 quin
481 1123 590 1165 Catholicus
607 1139 647 1175 rex,
662 1127 766 1167 maximum
783 1127 886 1170 Christiani
900 1132 984 1171 nominis
994 1145 1037 1183 pro·

200 1180 405 1247 [129⁶]pugnaculumlt
416 1179 492 1220 Ibemis
502 1184 609 1233 opportune
618 1181 676 1221 terret
684 1196 746 1235 opem,
757 1186 780 1222 ut
789 1197 823 1237 per
832 1185 932 1236 primatem
938 1186 1037 1240 fuitpolli-

263 1235 318 1286 citus',
338 1236 412 1276 nullam
430 1236 553 1288 interponens
572 1249 651 1285 moram,
670 1236 741 1277 milites
761 1239 892 1280 conscribebat
911 1240 999 1290 lbern‘os,
1018 1244 1037 1281 et

264 1293 337 1341 Scotos,
348 1295 368 1331 et
377 1290 510 1331 Iniskellinam
520 1294 627 1331 commeatu
641 1291 787 1333 intercludebat.

595 1599 653 1639 OAP.
668 1599 706 1641 IX.
729 1605 730 1608 ’

390 1715 473 1760 Lageniae
480 1720 539 1749 motus
547 1722 662 1751 renovantur.
687 1718 724 1752 Res
731 1719 783 1752 variae
791 1717 898 1751 referuntur.

263 1833 345 1873 Rursus
354 1831 484 1885 Lageniorum
494 1833 547 1885 parvi
558 1833 654 1874 tumultus
664 1837 786 1882 renovantur,
797 1832 867 1886 umbus
877 1830 943 1874 ansam
955 1832 1038 1886 prebuit

262 1888 332 1929 Petrus
342 1887 453 1928 Giraldinus
463 1888 571 1928 haereticus.
599 1888 621 1928 Is
631 1888 656 1929 ob
668 1889 793 1929 inhumanam
809 1888 942 1929 crudelitatem
956 1888 1037 1941 justitiae

262 1944 349 1984 minister
359 1942 383 1982 ab
393 1943 462 1996 Anglis
473 1948 553 1993 creatus,
563 1957 603 1983 non
612 1943 670 1984 modo
679 1944 730 1984 viros
741 1944 773 1984 sed
784 1943 842 1983 etiam
850 1944 937 1984 faeminas
946 1949 966 1983 et
974 1944 1036 1984 intan-

262 2002 292 2038 tes
304 1998 334 2050 (et
344 2003 384 2037 erat
400 1997 524 2050 tumentia)
543 2003 604 2038 morte
619 1998 721 2052 plectebat.
749 1998 850 2051 Praecipua
865 1998 948 2051 quadam
957 1997 1037 2038 libidine

264 2053 330 2094 Vateri
343 2052 403 2093 Fusci
418 2052 517 2102 Giraldiui,
529 2054 642 2106 sanguinem
657 2053 765 2107 appetebat.
793 2054 842 2106 Ejus
851 2068 924 2107 pagum
934 2052 1036 2093 Glorauem

263 2123 307 2149 cum
317 2107 428 2148 sicariorum
437 2107 535 2161 manipulo
545 2113 623 2161 repente
632 2108 708 2159 inuasit,
719 2108 753 2148 scd
761 2109 838 2157 frustra,
848 2122 893 2148 nam
905 2111 953 2147 tunc
962 2107 1036 2149 Fuscus

263 2162 334 2212 aberat,
350 2166 369 2203 et
387 2163 428 2215 ejus
443 2177 498 2212 uuor,
509 2177 552 2216 quae
565 2164 663 2212 intererat,
673 2164 720 2216 tuga
734 2163 815 2203 salutem
829 2163 903 2215 petivit.
933 2162 993 2203 Haud
1003 2163 1037 2204 diu

262 2222 307 2272 post
316 2218 392 2259 Fuscus
402 2231 446 2258 eum
462 2218 558 2267 Terentio,
573 2218 654 2267 Felmio,
665 2222 684 2257 et
693 2217 808 2270 Rayrnuudo
824 2217 955 2257 O'Bruinibus
970 2217 1036 2259 Fiachi

262 2274 311 2322 filiis,
323 2272 411 2314 affinibus
422 2273 470 2325 suis,
477 2273 573 2326 eqtritihus
591 2273 692 2313 duodecim
702 2277 721 2313 et
730 2271 827 2325 peditibus
841 2272 879 2312 fere
889 2276 973 2322 centurn,
983 2273 1036 2315 Petri

262 2329 361 2370 castellum
370 2328 474 2381 improviso
484 2328 599 2381 aggreditur.
630 2327 711 2368 roribus
721 2327 811 2381 primum,
821 2326 866 2367 inde
874 2327 948 2381 reliquo
958 2328 1036 2369 castello

261 2386 307 2437 igne
316 2384 388 2436 injecto
397 2383 452 2423 illum
469 2396 513 2423 cum
529 2383 602 2424 familia
616 2382 718 2424 comburit.
747 2381 829 2422 Interim
843 2382 903 2436 Angli
913 2383 982 2423 accolae
991 2398 1036 2425 cum

262 2439 349 2493 equitum
359 2439 424 2478 turmat
433 2441 453 2477 et
462 2438 558 2491 peditibus
568 2439 642 2491 aliquot
651 2438 737 2478 Fuscum
747 2436 904 2487 circumveniunt,
915 2438 936 2478 in
946 2452 993 2491 quos
1002 2438 1035 2478 ille

262 2494 333 2535 faciens
342 2494 436 2547 impeturn
446 2507 517 2546 paucos
526 2494 638 2535 uulneribus
648 2493 711 2542 afficit,
722 2504 788 2532 ornnes
797 2493 818 2532 in
827 2492 892 2546 lugam
902 2494 966 2533 uertit.
982 2493 1035 2533 Hinc

261 2549 337 2589 Fuscus
343 2553 362 2588 et
368 2562 412 2589 cum
418 2548 461 2588 filiis
468 2547 549 2589 Iiachus
558 2548 708 2602 hostesjudieati
714 2547 820 2599 diligenter,
828 2551 848 2588 et
857 2549 925 2589 acriter
935 2548 958 2588 ab
965 2548 1035 2602 Anglis

261 2605 388 2658 impetuntur.
403 2603 478 2644 Fuscus
487 2603 508 2643 in
517 2605 622 2658 municipio
633 2618 667 2643 suo
678 2602 762 2643 Glorane
772 2601 947 2644 aProtestantibus
955 2606 974 2642 et
981 2603 1034 2644 Iber-

261 2659 292 2700 nis
309 2657 438 2708 auxiliaribus,
456 2659 537 2699 maxime
552 2659 647 2700 Buttleris
663 2657 766 2710 improviso
783 2658 918 2707 circumdatae,
933 2671 974 2698 sese
990 2673 1034 2699 cum

261 2715 327 2769 paucis
337 2713 413 2754 armatis
423 2714 443 2754 in
453 2727 533 2766 paruum
549 2715 698 2761 munimentum,
709 2712 760 2764 quod
776 2714 885 2767 repentinos
900 2727 955 2753 casus
965 2714 1035 2755 timens

261 2770 318 2819 uallo,
328 2769 418 2822 fosstque
428 2768 539 2820 obduxerat,
554 2770 633 2823 recepit.
663 2767 720 2807 Istud
729 2767 793 2808 hostes
808 2772 934 2823 oppugnant:
949 2767 981 2809 ille
990 2784 1034 2823 pro-

285 2907 292 2922 *
305 2905 331 2937 Aa
338 2903 368 2936 the
376 2906 447 2947 request
455 2901 475 2935 of
481 2902 569 2946 Maguire.
595 2902 645 2944 They
651 2901 732 2946 besieged
738 2901 752 2935 it
760 2903 806 2935 from
814 2901 860 2936 June
868 2906 887 2936 to
896 2902 974 2947 August,
984 2906 1034 2944 1594,

263 2962 280 2994 p·
286 2951 357 3038 i9iiilri
366 2991 436 3025 aliunde
444 3002 479 3024 non
488 2997 562 3025 constat.
587 2992 621 3024 See
631 2990 674 3029 Gor,
682 3003 699 3036 p.
709 2994 748 3033 406,
756 2996 796 3026 410.
827 2991 829 2993 ’
