2237 3535
57 439 99 468 GAP.
109 420 153 475 Itu]
270 428 297 455 DE
312 426 406 455 trannin
421 425 467 454 stru
481 424 505 453 ΕΤ
519 422 609 451 NATURA.
816 412 832 452 7

55 547 99 588 pars
112 529 185 572 Insulae
201 525 307 567 Britannia
325 521 541 587 dicitur'aquilcnaris&
551 520 596 573 quia
610 532 658 573 gens
669 518 794 572 originaliter,
804 518 828 560 ab

54 588 96 629 istis
105 586 210 639 propagata
219 585 288 622 terram
297 580 350 622 illam
360 580 445 621 habitare
455 574 596 632 dignoscitur.”
626 573 696 626 Itaque
705 573 828 627 quemadmo-

55 643 101 683 dum
117 639 141 679 ab
158 638 236 685 Ibemc,
251 635 334 685 Ibernia,
352 636 379 676 sie
395 635 453 674 etiam
469 648 480 673 a
494 633 552 674 Secta
566 629 650 684 quadam
660 628 754 669 Ibernicae
764 630 829 682 gentis

55 695 152 750 genitrice,
163 692 228 733 Scotia
235 690 300 731 eadem
308 691 373 731 insula
381 689 420 729 fuit
428 691 546 749 nuncupata,
558 684 716 747 cumquelberni
726 685 828 746 septentri-

56 750 107 792 onali
115 751 169 802 parte
178 745 284 786 Britanniae
292 746 407 798 potirentur,
418 756 436 781 ar
446 742 515 783 Scatrae
523 750 596 782 nomen
605 739 724 781 indiderunt,
754 740 786 780 Sic
795 739 829 779 illa·

55 805 124 857 Major,
135 800 175 842 hec
185 801 257 850 Minor,
267 800 297 841 vel
306 801 364 841 Nova
374 796 439 838 Scotia
448 802 533 837 vocatur.
684 847 705 855 ..
747 847 751 854 Α

84 858 124 902 Qui
132 857 188 911 plura
198 856 257 909 cupit,
267 855 322 895 adeat
328 851 462 894 adnotationes
469 851 561 892 llichardi
570 850 690 891 Stanihursti
699 861 720 888 ur
726 847 828 889 Giraldum

56 912 197 959 Oambrensem,
206 924 247 950 rem
257 911 305 950 hanc
314 908 407 950 latissime
418 904 539 958 disputantis.
568 905 599 946 Ex
611 919 650 959 quo
660 902 764 945 versiculos
780 904 828 944 istos

55 968 106 1008 Divo
115 966 197 1008 Patritic
204 963 308 1005 describere
318 961 391 1017 putaui,
402 973 451 1012 quos
457 960 490 1001 ille
499 960 680 1015 euueteriqucdam
689 958 782 1011 scriptore
792 958 829 999 sibi
868 992 870 994 .

56 1023 113 1064 refert
122 1035 163 1062 esse
173 1020 312 1073 desumptus-

167 1113 203 1153 Qui
208 1112 288 1156 jussione
295 1110 369 1145 Domini
469 1109 504 1148 Qui
512 1111 593 1145 tenebras
599 1111 687 1145 idolatriae

166 1158 232 1192 Missus
240 1158 263 1191 ad
271 1156 360 1191 Iberniam
468 1154 543 1189 scoticae
550 1157 608 1199 gentis
615 1156 688 1190 abstulit

167 1203 211 1242 Quae
219 1202 271 1247 plena
279 1205 318 1235 erat
325 1199 381 1233 Idolis
467 1199 494 1232 nt
502 1201 605 1243 praedicavit
612 1199 722 1234 hominibus

166 1247 219 1281 Dura
227 1242 394 1281 cervioeineredula
433 1243 436 1287 l
467 1243 531 1277 Fidem
538 1246 625 1288 praeclaro
633 1246 705 1278 lumine.

57 1342 126 1382 “Ecce
143 1341 223 1381 Senticae
239 1336 314 1392 gentis'j
331 1336 396 1389 inquit
413 1335 547 1376 Staniliurstus
564 1339 618 1390 “pro
633 1336 727 1377 lbemieae
741 1337 827 1390 gentis?

55 1397 103 1437 Haec
112 1396 135 1435 de
145 1395 214 1435 Scotiae
223 1393 301 1433 nomine
310 1394 350 1431 tarn
360 1391 434 1444 prolixe
448 1390 594 1440 cumulavimus,
605 1391 657 1444 quod
666 1391 724 1431 multi
732 1391 794 1431 multa
804 1391 828 1432 de

27 1447 28 1450 '
55 1450 131 1490 Ibernio
139 1449 174 1489 sub
181 1448 251 1488 Scotiae
257 1447 335 1487 nomine
343 1446 420 1486 dictain
427 1446 561 1486 uetustissimis
568 1446 698 1487 monumentis
709 1446 733 1486 ad
743 1445 828 1486 Scotiam

54 1505 148 1544 minorem
162 1515 205 1554 quae
212 1501 284 1541 Albion
293 1501 324 1541 rel
334 1500 418 1541 Albania
433 1500 510 1550 dicitur,
520 1505 539 1541 et
549 1505 578 1541 est
587 1515 632 1555 pare
642 1501 755 1550 Britanniae,
764 1504 827 1541 trans-

53 1559 121 1607 ierant,
131 1556 240 1609 multosque
250 1556 301 1596 viros
313 1556 399 1597 illustres
415 1555 499 1597 iberniae
513 1556 602 1610 genitrici
611 1556 728 1609 abjudicent,
743 1556 827 1597 nominis

53 1612 173 1666 ignoratione
182 1611 264 1664 decepti,
278 1614 300 1651 ut
315 1610 425 1652 Jcbannem
439 1611 552 1652 Dunensem
562 1611 643 1652 Scotum
653 1612 751 1652 doctorem
761 1611 826 1651 Subti-

53 1667 96 1761 lIzm,
107 1666 207 1729 §edulium
217 1665 302 1715 Scotum,
313 1669 333 1706 et
343 1666 390 1707 alios
397 1680 446 1721 pene
455 1667 573 1715 innumeros,
591 1667 624 1721 qui
633 1666 702 1721 procul
712 1666 771 1707 dubio
781 1670 827 1707 sunt

78 1736 124 1762 erm.

380 2012 437 2054 OAP.
453 2013 495 2054 ΙΙΙ.

311 2115 340 2149 De
348 2115 423 2151 Iberniae
431 2117 468 2151 situ
475 2121 494 2151 et
501 2117 564 2162 figura.

53 2207 157 2252 Quanruu
166 2209 190 2251 ad
200 2209 284 2253 iberniae
290 2212 348 2254 situm
355 2214 430 2263 attinet,
439 2228 481 2255 eam
489 2213 539 2255 inter
549 2214 654 2256 occidentis
661 2214 734 2255 insulas
740 2228 825 2256 annume

51 2266 82 2303 rat
89 2263 187 2315 AEthicus,
197 2266 219 2307 in
229 2268 284 2321 eujus
294 2269 409 2309 sententiam
419 2269 540 2310 Oambrensis
550 2269 633 2323 pedibus
642 2270 684 2310 ivit.
702 2269 824 2323 Pomponius

51 2331 95 2357 vero
105 2318 158 2361 Mela
166 2321 188 2382 in
197 2323 333 2375 septentrionis
348 2323 456 2365 insularum
464 2326 524 2366 fastos
533 2325 597 2366 refert.
626 2325 714 2378 Uterque
723 2338 767 2376 mea
781 2326 824 2378 qui-

52 2371 96 2412 dem
105 2378 199 2416 sententia
211 2391 250 2418 non
267 2378 374 2431 incongrue
389 2381 513 2421 ratiocinatur
519 2396 526 2430 ;
540 2394 585 2421 nam
594 2381 645 2421 inter
655 2380 824 2433 septentrionalem

51 2426 133 2489 plagam,
140 2430 297 2486 occidentemque
307 2433 367 2474 solem
372 2433 429 2488 jacet,
439 2435 525 2488 undique
532 2434 610 2477 Oceano
616 2449 669 2476 mare
679 2435 747 2484 cincta,
759 2435 781 2475 in
791 2435 823 2476 de-

51 2494 100 2543 mmo
110 2483 185 2526 climate
195 2486 238 2536 sita,
246 2489 302 2541 juxta
311 2503 382 2530 nouam
395 2490 465 2543 uiginti
475 2491 534 2531 trium
548 2491 647 2532 climatum
656 2489 742 2531 tabulam
752 2490 823 2543 ejuni-

51 2536 117 2578 orrbus
127 2543 241 2582 astronomis
249 2543 353 2593 conditam,
361 2544 413 2598 apud
422 2545 500 2586 Patrem
506 2546 665 2599 Obristcpliorum
678 2544 767 2585 Clarium
775 2544 823 2595 rela-

0 2602 1 2605 ’
51 2593 97 2641 tam,
107 2594 262 2656 sub-altitudinis
272 2599 333 2652 gradu
343 2601 503 2654 quinquagesimo
513 2602 601 2655 septime,
610 2600 661 2654 plus,
672 2601 742 2640 minus.
777 2599 823 2644 Quo

50 2643 92 2686 loco
98 2647 211 2702 longissima
218 2652 264 2703 dies,
272 2668 315 2695 cum
322 2654 351 2695 sol
358 2655 453 2696 Cancrum
462 2656 547 2710 attingit,
553 2656 605 2697 horis
618 2656 692 2696 circiter
702 2659 746 2695 octo
757 2654 823 2696 decem

50 2706 137 2761 constare
146 2705 265 2757 perhibetur.
293 2709 325 2751 Ab
332 2711 406 2751 oriente
412 2711 489 2752 hiemali
499 2711 574 2752 obviam
584 2710 621 2751 sibi
630 2710 754 2751 Britanniam
763 2710 823 2763 respi-

0 2795 2 2812 ,Ἰ
50 2758 77 2793 ott
92 2764 186 2800 remotam
200 2762 259 2803 unius
276 2763 314 2806 diei
328 2766 457 2819 navigatione,
475 2780 500 2807 en
510 2781 531 2806 aa
539 2769 593 2819 parte
609 2780 653 2819 quae
663 2765 734 2806 dicitur
743 2766 822 2819 Anglia,

49 2813 103 2860 Parte
111 2827 157 2876 uero
167 2829 210 2868 quae
224 2822 305 2860 vocatur
318 2821 384 2861 beotia
397 2821 565 2875 propinquiorem:
581 2820 698 2874 Hispaniam
711 2821 772 2861 trium
782 2821 822 2861 die-

0 2887 2 2923 ]
49 2876 93 2904 rum
98 2871 313 2923 naurgationedissit'am
319 2875 343 2916 ab
349 2877 422 2917 Austro
432 2878 453 2917 in
460 2877 538 2917 circium
548 2878 627 2916 ventum
638 2876 676 2917 sibi
690 2879 822 2917 occurrentem

0 2942 1 2945 ’
49 2924 122 2987 {Pssssltt
136 2924 256 2986 Cantabrico,
268 2929 411 2984 Galletiacoque
420 2931 488 2986 pelago
498 2933 578 2981 intenta,
593 2932 674 2985 parique
683 2931 747 2986 spacio
754 2934 822 2971 contra

49 2973 201 3041 baptentnonem
215 2982 269 3023 abest
279 2985 303 3025 ab
313 2985 400 3028 Islandia
408 2987 477 3036 insula,
487 2987 521 3028 sed
530 2986 553 3027 ab
563 2987 664 3027 occidente
673 2986 792 3040 apertissimo
802 2990 822 3027 et

0 3048 2 3051 v
50 3025 170 3075 diffusissrmo
179 3036 248 3091 pelago
257 3038 329 3082 finitur.
354 3041 437 3097 Pelagus
444 3042 564 3084 Britanniam
574 3046 594 3084 et
600 3041 699 3083 Iberniam
708 3040 820 3090 interluens,
