2237 3535
110 306 154 334 111,
169 291 202 343 in]
325 304 352 332 nu
367 305 495 333 ruucaronro
511 305 557 333 nrvr
572 304 668 334 parumn.
866 297 891 335 23

109 401 164 442 donis
174 403 253 441 ornatus
263 403 341 453 perveni
350 404 370 444 in
380 417 452 457 pagum
463 416 500 457 que
510 403 608 443 Protectio
618 402 649 441 vel
663 400 745 455 Asylum
762 402 882 456 (Tcarmuin)

108 459 237 509 nuncupatur.
267 455 331 511 Hujus
346 460 391 512 pagi
405 460 494 499 dominus
511 461 531 498 et
546 456 587 509 ejus
603 456 662 496 frater
677 457 699 496 in
715 457 805 498 mesatis
821 473 883 498 comes

108 511 218 559 extiterunt,
229 525 297 564 meque
313 526 356 555 cnm
373 513 475 555 comitibus
492 512 540 553 meis
556 516 576 552 et
589 511 632 551 aliis
647 511 681 563 qui
690 512 796 565 purgatorii
807 513 883 553 videndi

108 580 164 606 causa
173 580 184 605 e
194 567 250 606 variis
265 567 373 620 regionibus
388 569 527 617 confluxerant,
538 565 657 621 pontonibus
671 566 693 606 in
706 566 790 606 insulam
805 567 839 608 ubi
855 573 883 608 est

107 620 241 674 purgatorium
250 622 370 675 trajecerunt.

145 714 158 732 “
168 710 270 752 1111111111
278 726 327 753 aecae
332 718 392 766 parat
401 714 428 753 acl
436 711 581 765 inpediendam
585 709 724 762 pomerariam
733 713 752 749 11
761 709 845 750 111111,υ

106 792 132 832 Iu
138 791 251 832 llonastcrii
261 796 324 833 autem
333 790 425 848 templum
435 792 548 846 productus,
552 805 595 830 cum
601 790 688 830 instituti
695 788 733 829 mei
738 788 833 829 rationem
838 789 880 829 red-

106 846 201 895 didissem,
213 850 232 886 et
241 847 306 887 multis
316 849 422 890 astantibus
432 863 443 888 a
452 849 516 901 priore
530 847 666 898 interrogatus
676 845 697 885 in
706 845 841 897 purgatorium
851 858 881 884 me

106 900 181 941 credere
207 902 352 956 respondissem,
374 908 416 944 tum
432 903 464 944 ille
480 903 508 943 ita
530 915 614 941 exorsus.
645 899 801 940 “Perdifflcilem
823 904 880 952 atque

104 955 251 1009 periculosam,”
266 958 334 1011 inquit,
358 962 418 999 “rem
441 957 549 1010 suscepisti,
574 968 670 1010 quamque
691 955 749 1009 pauci
772 957 878 1003 tentarunt,

104 1010 176 1050 nedum
192 1016 238 1052 sunt
253 1014 339 1053 assecuti.
373 1013 447 1061 Fateor,
466 1012 555 1065 equidem
571 1011 646 1051 facilem
664 1024 705 1050 esse
721 1009 829 1063 purgatorii
846 1009 873 1049 de-

105 1079 203 1115 scensnm3
219 1067 253 1107 sed
268 1082 355 1109 reuocare
371 1067 458 1121 gradum,
468 1068 506 1106 hoc
521 1080 576 1118 opus,
586 1066 618 1106 hic
633 1065 699 1118 labori!
717 1065 789 1118 quippe
805 1064 877 1105 scrobis
885 1069 933 1114 [21]

103 1120 158 1160 istius
168 1121 263 1162 cruciatus
272 1123 328 1162 fidem
338 1125 433 1176 superant,
444 1121 515 1174 quibus
524 1121 560 1160 riri
570 1121 654 1173 alioquin
668 1123 778 1161 constantes
788 1134 876 1160 succum-

103 1174 169 1215 bentes
195 1176 288 1229 jacturam
317 1178 391 1225 arlimae,
416 1176 539 1228 corporisque
566 1175 659 1214 fecerunt.
701 1175 777 1217 Idcirco
802 1190 838 1228 ego
857 1179 876 1215 tc

102 1243 177 1279 moneo,
191 1234 214 1270 ut
233 1232 351 1271 voluntatem
367 1232 464 1279 immutes,
482 1229 538 1269 aliam
555 1229 687 1281 poenitentiam
703 1234 787 1270 actrrrus.
825 1230 875 1270 Sunt

102 1285 153 1324 enim
177 1286 316 1338 quamplurima
335 1287 379 1325 vitae
402 1284 492 1324 instituta
517 1282 579 1335 (quod
597 1287 617 1323 te
635 1283 694 1323 latere
712 1285 791 1325 minime
816 1287 872 1338 puto)

102 1339 171 1392 quibus
180 1339 224 1379 Deo
234 1341 309 1388 servire,
319 1340 433 1393 culpamque
448 1351 572 1391 compensare
587 1338 689 1391 possimus,
704 1338 791 1382 Quorum
806 1353 873 1389 unum,

102 1395 117 1433 si
128 1394 206 1433 duriora
215 1395 275 1446 cupis,
286 1398 315 1434 est
330 1394 440 1433 monasticae
457 1394 502 1433 vitae
519 1391 592 1444 alligari
602 1396 621 1432 et
631 1394 722 1432 convenis
731 1393 765 1445 qui
774 1393 845 1445 pietate
856 1401 874 1434 et

100 1452 222 1500 peccatorum
237 1448 302 1488 dolore
316 1448 408 1488 concitati
423 1447 465 1488 haec
480 1447 548 1487 limina
564 1447 636 1496 vident,
647 1446 786 1487 administrare.
816 1448 874 1492 Quod

101 1501 184 1554 quidem,
195 1515 240 1542 curn
249 1503 291 1543 Deo
302 1503 432 1556 gratissimum
442 1507 478 1552 est,
488 1506 531 1542 tum
547 1501 605 1555 longe
619 1501 745 1551 tolerabilius,
761 1504 874 1556 1111111111-

100 1556 144 1605 lius,
154 1570 212 1609 quam
222 1561 267 1597 ante
283 1557 358 1598 obitum
372 1572 395 1598 ea
411 1556 475 1597 subire
492 1561 583 1606 extrema,
594 1571 637 1610 quae
646 1561 691 1610 post
698 1557 799 1598 interitum
808 1559 873 1598 nullus

99 1610 142 1660 lert,
157 1611 195 1650 nisi
209 1611 303 1652 invitus.'’
332 1613 364 1653 Ad
380 1613 421 1652 haec
437 1626 552 1666 responsum
568 1612 656 1665 prebens,
672 1615 714 1652 “eo
723 1612 784 1652 mihi’'
794 1614 873 1666 inquam

100 1670 178 1706 ventum
189 1669 225 1714 est,
236 1667 287 1707 unde
302 1681 355 1707 nunc
371 1681 411 1707 non
426 1667 515 1721 expediat
530 1666 598 1720 pedem
614 1667 690 1716 referre,
709 1681 746 1721 quo
762 1667 873 1722 priusquam

100 1722 149 1769 veni,
158 1721 198 1774 jam
207 1722 282 1774 pridem
292 1722 417 1771 decreveram,
427 1722 477 1762 nulli
487 1722 560 1770 terrori,
571 1721 621 1762 nulli
635 1722 726 1774 periculo,
743 1722 802 1763 nullis
818 1724 873 1764 malis

100 1775 171 1826 cedere,
187 1777 235 1829 quin
249 1778 381 1830 purgatorium
397 1777 475 1826 adirem,
486 1778 533 1817 dnm
542 1777 564 1817 in
574 1778 641 1817 animae
652 1791 699 1818 meae
708 1778 812 1831 perniciem
822 1780 873 1819 nihil

99 1830 543 1886 1111111111111111111111111111111111111.
573 1832 604 1873 lta
620 1846 699 1873 moveor
714 1836 733 1873 et
749 1838 872 1886 peccatorum

99 1898 185 1925 meorum
192 1888 309 1928 conscientia
316 1892 336 1927 et
345 1888 410 1927 studio
419 1901 485 1940 regem
492 1901 557 1927 meum
567 1887 650 1928 videndi.
676 1887 707 1928 Ob
717 1888 737 1928 id
747 1888 804 1929 etiam
815 1894 872 1942 atque

91 1976 92 1979 ,
103 1940 159 1981 etiam
169 1945 188 1981 te
198 1956 238 1992 oro,
249 1957 273 1982 ne
282 1943 413 1983 mibitandem
422 1942 675 1996 111111111111111111111111.υ
695 1943 785 1983 Tumille
795 1944 833 1984 “Si
840 1945 871 1984 de-

101 1994 215 2035 liberatum'’
225 1997 289 2050 inquit
297 1997 351 2038 “tibi
361 2002 396 2047 est,
407 2013 417 2037 a
426 1998 522 2038 sententia
528 2011 569 2037 non
577 1998 686 2048 desciscere,
697 2002 771 2051 oportet
781 2003 804 2038 ut
813 1999 871 2053 hujus

101 2049 139 2090 loci
148 2051 196 2091 ritus
205 2066 291 2106 peragas,
302 2052 463 2106 quemadmodum
474 2057 502 2093 est
512 2068 523 2093 a
533 2052 584 2093 Divo
599 2053 680 2093 Patritio
698 2054 831 2103 constitutum,
852 2066 871 2094 11

101 2105 124 2145 ab
135 2108 285 2154 antecessoribus
298 2108 345 2148 meis
359 2107 501 2157 observatum,'’
516 2108 613 2148 “omnia”
627 2109 706 2161 inquam
721 2112 784 2161 “quae
793 2122 824 2148 me
834 2109 869 2148 im-

101 2162 202 2213 peraveris,
210 2164 273 2215 quoad
278 2163 340 2204 faeere
346 2177 424 2217 possum
432 2162 548 2216 praestabo.”
564 2163 629 2216 Igitur
638 2166 776 2204 testamentum
784 2164 868 2214 condidi,

98 2215 173 2255 duobus
189 2217 234 2258 filiis
251 2219 304 2268 meis,
321 2232 403 2272 quorum
414 2223 462 2258 natu
481 2218 541 2271 major
560 2217 671 2258 Lndovicns
691 2222 710 2258 et
728 2218 776 2258 alter
792 2218 868 2259 Ramon

97 2272 174 2311 nomine
183 2273 286 2325 gaudebat,
299 2278 318 2314 et
333 2274 406 2314 caeteris
421 2273 525 2314 comitibus
543 2273 588 2326 quid
604 2275 689 2327 agerent,
700 2273 716 2313 si
727 2273 769 2325 ipse
779 2287 790 2313 a
800 2273 868 2315 scrobe

96 2338 136 2364 non
146 2331 255 2378 reverterer,
265 2330 379 2383 praescripsi.
408 2329 427 2368 A
441 2328 552 2369 monasterii
566 2329 662 2382 praefecto,
676 2333 695 2368 et
704 2327 809 2374 aDomino
820 2329 867 2383 asyli

96 2380 141 2432 pagi
151 2382 251 2434 quaesitus,
267 2383 301 2424 ubi
315 2385 372 2424 velim
386 2383 467 2437 sepeliri,
484 2385 500 2424 si
509 2384 575 2424 forsan
588 2384 609 2424 in
619 2383 729 2437 purgatorio
740 2382 780 2423 vita
798 2383 866 2424 delun-

96 2448 156 2486 gerer,
168 2440 187 2476 et
201 2438 281 2489 cadaver
297 2440 412 2492 reperiretur
423 2438 444 2478 id
455 2453 528 2488 eorum,
546 2439 624 2479 arbitrio
640 2438 759 2491 permittens,
774 2439 866 2492 respondi

96 2492 110 2510 “
116 2494 185 2531 terram
195 2506 237 2534 esse
247 2508 347 2534 commune
356 2493 456 2534 hominum
466 2493 609 2547 sepulclrrum.”
632 2493 678 2533 Alia
687 2493 723 2541 die,
733 2492 866 2534 sacerdotibus

95 2544 169 2596 ricinis,
179 2551 199 2587 et
209 2548 291 2589 coenobii
305 2549 399 2603 religiosis
413 2549 528 2597 conuocatis
544 2549 622 2589 Sacrum
632 2548 698 2588 Missae
708 2547 760 2600 qnod
769 2562 805 2601 pro
814 2563 866 2589 rnor-

94 2600 133 2639 tuis
144 2601 206 2642 offerri
216 2604 270 2654 solet,
281 2608 345 2655 cantu,
360 2605 470 2658 musicaque
484 2603 595 2644 celebratur.
624 2602 668 2646 Quo
683 2606 767 2656 peracto,
777 2603 865 2657 reliquis-

95 2667 132 2705 que
142 2660 261 2700 caeremoniis
270 2659 369 2710 absolutis,
384 2660 496 2709 sacerdotes,
511 2659 532 2698 in
549 2659 616 2698 ordine
631 2657 706 2710 digesti,
724 2672 801 2712 pompa,
819 2674 864 2713 quae

94 2713 189 2761 processio
198 2718 284 2764 vocatam,
291 2715 428 2764 ecclesiasticis,
436 2714 492 2769 Asyli
497 2713 574 2754 domino
582 2726 625 2753 cum
633 2713 759 2753 saecularibus
766 2719 863 2768 sequente,

94 2764 118 2803 ad
132 2767 229 2819 speluncae
243 2770 323 2823 januam
332 2785 363 2811 me
373 2771 512 2819 condurerrmt,
522 2772 541 2809 et
555 2767 643 2821 precibus
653 2781 698 2820 quae
707 2768 792 2810 Litaniae
802 2770 864 2810 nomi-

93 2823 164 2861 nantur
174 2825 266 2875 cantatis,
279 2840 328 2879 aqua
339 2841 397 2867 ,sacra
414 2829 513 2881 spargunt.
542 2823 590 2864 Mor
599 2822 673 2863 foribus
688 2825 765 2877 apertis,
775 2825 803 2865 ita
812 2825 864 2878 prior

94 2885 157 2916 coram
167 2878 257 2921 omnibus
266 2895 333 2922 rursus
342 2882 416 2923 affatim.
446 2881 495 2922 “En
508 2880 569 2929 locus,
584 2892 640 2932 quem
650 2878 679 2919 vis
689 2879 771 2933 ingredi.
801 2879 863 2931 Caete-
