2237 3535
110 369 147 396 aar
163 356 224 408 utun]
324 369 414 398 mannua
429 372 466 400 sun
481 371 628 409 animamur„

437 576 495 617 CAP.
511 573 569 615 xvi,

281 688 310 721 De
319 688 399 722 Cornelio
408 689 495 734 Episcopo
504 691 522 720 et
530 686 609 721 Sandero
618 685 704 718 Doctore.

108 780 201 822 trannin
210 782 300 826 Doctoris
310 799 359 825 mors
369 801 409 826 nou
418 790 447 827 est
456 786 494 826 hoc
503 784 546 825 loco
556 783 632 824 silentio
638 782 779 836 praetereunda,
792 783 826 836 qui
836 787 880 824 ante

106 836 165 876 finem
181 837 239 892 hujus
255 839 300 880 balli
309 841 375 881 morbo
384 842 462 882 fluentis
471 840 544 881 ventris
552 841 664 892 occupatus,
675 837 738 877 adhuc
748 836 823 877 viribus
833 839 880 879 vali-

107 890 150 940 dus,
161 896 181 932 et
189 895 276 935 omnium
283 895 354 947 judicio
365 896 415 937 nihil
423 895 533 949 periclitans
548 894 643 948 principio
654 893 717 934 noctis
726 892 756 933 ira
766 892 879 934 Cornelium

105 945 265 990 Killaloacensem
274 949 391 1004 Episcopum
400 951 438 991 fuit
447 951 542 992 allocutus

135 1004 148 1023 “
154 1001 211 1056 Ungc
221 1019 257 1054 me,
266 1004 346 1045 illustris
351 1006 441 1055 Domine,
452 1006 537 1046 extrema
546 1003 638 1045 unctione
647 1004 685 1045 olei
694 1003 825 1052 morientium,
833 1019 878 1045 uam

104 1056 207 1098 laeuone
217 1074 260 1101 sum
269 1060 326 1101 evita
336 1060 459 1109 discessurus,
470 1076 480 1101 a
490 1063 574 1100 creatore
583 1073 626 1100 meo
636 1059 737 1099 vocatus?
767 1058 877 1100 “Profecto

105 1110 205 1153 Cornelius
214 1116 279 1168 inquit
287 1115 300 1134 ’²
311 1116 338 1155 ita
347 1119 366 1155 ct
375 1119 398 1155 tu
408 1116 492 1168 corporis
501 1114 571 1154 robore
579 1114 646 1154 firmus
655 1129 683 1163 es,
693 1117 712 1154 et
722 1114 817 1167 aegritudo
827 1115 877 1155 nihil

103 1180 181 1219 urgens,
194 1175 217 1209 ut
232 1185 295 1223 neque
309 1170 411 1222 ungendus
426 1184 489 1222 neque
502 1169 607 1209 moriturus
617 1169 666 1209 mihi
679 1168 782 1209 videaris.”
810 1169 875 1210 Nihil-

103 1222 179 1262 ominus
187 1225 256 1265 mcrbo
273 1225 404 1265 vehementius
414 1238 522 1277 oppressus,
538 1222 562 1263 ad
571 1222 657 1263 medium
663 1227 740 1263 noctem
749 1227 828 1274 unctus,
838 1225 874 1265 sub

103 1276 221 1329 gallicinium
239 1279 325 1320 Domino
334 1279 423 1332 spiritum
432 1276 538 1326 reddatur
547 1280 567 1317 et
576 1281 667 1328 sequente
674 1281 731 1318 nocte
741 1278 790 1318 olam
799 1279 837 1320 luit
845 1280 875 1320 in-

102 1331 193 1372 humatus
209 1349 220 1373 a
235 1332 372 1381 sacerdotibus,
389 1336 455 1372 vectus
474 1332 499 1372 ad
518 1330 642 1384 sepolchrum
660 1335 764 1384 aquatuor
778 1334 875 1385 equitibus

102 1385 184 1436 Iberus,
201 1402 284 1440 quorum
299 1387 337 1427 fuit
352 1390 406 1440 pater
415 1401 470 1426 meus
478 1385 598 1439 Dermysius.
621 1385 691 1437 Plures
700 1401 744 1426 vero
754 1387 817 1427 funeri
826 1389 874 1429 inte-

101 1454 153 1480 resse
167 1442 286 1494 prohibitum
297 1445 332 1490 est,
350 1455 376 1481 ue
386 1445 436 1481 esset
446 1440 480 1493 qui
487 1440 567 1481 cadaver
576 1440 686 1480 ostenderet
695 1441 772 1493 Anglis,
780 1442 841 1483 solitis
855 1444 876 1484 in

102 1498 188 1535 mortuos
207 1498 265 1537 etiam
282 1495 369 1548 exempla
385 1495 504 1536 crudelitatis
523 1495 584 1535 edere.
613 1495 714 1536 Cornelius
730 1496 840 1550 Episcopus
856 1499 877 1538 in

102 1547 218 1601 Hispaniam
227 1552 287 1601 veuit,
304 1554 324 1591 et
337 1550 453 1603 Ulyssipoue
468 1551 517 1591 diem
526 1550 594 1591 clausit
603 1550 656 1591 ΑΒ.
666 1552 727 1600 1617,
739 1552 794 1592 anuis
804 1551 879 1606 aliquot

101 1608 203 1657 postquam
212 1607 234 1646 in
243 1606 330 1659 margine
340 1605 458 1646 stanihursti
473 1605 525 1654 libri,
541 1605 564 1645 de
574 1604 664 1646 Moribus
674 1609 693 1646 at
704 1605 770 1646 Rebus
787 1606 875 1657 Iberniae,

101 1657 125 1697 ad
135 1659 221 1731 siugulas
236 1661 329 1702 falsitates
348 1660 446 1714 scripsisse
465 1661 526 1701 fertur
544 1660 594 1700 hano
613 1661 765 1702 annotationem.
795 1665 873 1704 “Mea-

102 1713 172 1753 tc'tur.'
639 1723 640 1727 ’

410 1941 469 1982 ΟΑΡ,
484 1941 555 1982 XVII.

134 2049 219 2093 Gregorii
227 2028 283 2084 XIII.
293 2049 383 2083 Pontifiois
395 2050 470 2083 Maximi
478 2050 543 2084 litterae
552 2051 574 2083 ad
587 2050 662 2085 Iberuos
672 2053 716 2085 datae
724 2057 836 2097 repetuntur.

99 2152 151 2193 Hmo
168 2154 215 2190 sunt
225 2151 284 2204 hujus
301 2149 346 2191 belli
364 2150 517 2191 memorabiliora
526 2154 600 2200 eventa,
620 2152 644 2191 de
654 2166 692 2205 quo
703 2152 792 2206 Gregorii
801 2153 870 2204 XIII,

98 2207 169 2267 summi
178 2206 278 2246 Pontificis
289 2205 388 2259 epistolam
397 2206 421 2246 ad
431 2206 512 2247 Ibemos
523 2205 592 2255 datam,
604 2206 680 2248 silentio
689 2222 729 2248 non
738 2208 841 2249 involvam.

121 2304 278 2339 GREGORIUS
304 2305 363 2339 XIII.
389 2305 480 2339 Uuiversis
499 2305 604 2350 etsiugulis
628 2307 777 2352 Archiopiscopis,
797 2308 871 2353 Episco-

96 2350 130 2393 pis,
139 2350 227 2389 Praebrtis,
233 2361 310 2383 uec-uon
316 2350 436 2395 Principibus,
445 2350 550 2390 (inmitibus,
563 2352 670 2391 Baronibus,
678 2353 737 2392 clero,
745 2354 841 2389 Nobilibus
849 2369 870 2391 ae

96 2395 169 2439 Populis
177 2395 237 2439 Regni
245 2395 344 2436 Hiberniae,
353 2396 433 2429 Salutem
441 2400 460 2429 et
468 2396 590 2440 Apostolioam
599 2397 750 2431 Benedictionem.

119 2457 132 2473 ‘⁵
140 2452 186 2486 Cum
193 2451 279 2495 proximis
293 2453 412 2497 superioribus
421 2453 475 2492 anuis,
487 2464 519 2497 per
528 2458 598 2487 nostras
609 2454 671 2488 literas
679 2467 709 2489 vos
718 2453 806 2488 exhortati
815 2452 870 2486 fueri·

95 2508 141 2537 mus,
145 2501 167 2530 ut
172 2497 194 2530 ad
202 2502 280 2531 vestram
287 2498 388 2531 libertatem
393 2499 537 2543 recuperandam,
542 2510 621 2542 eamque,
627 2501 710 2534 adversus
718 2499 810 2533 haereticos
818 2503 869 2531 tuen-

96 2542 163 2576 damet
172 2543 312 2576 conservandam
319 2543 368 2577 bonae
376 2544 465 2578 memoriae
473 2543 538 2577 Iacobo
548 2543 651 2586 Ger-aldina,
664 2546 693 2589 qui
703 2546 767 2578 durum
779 2542 869 2577 servitutis

95 2639 164 2671 mond's
179 2649 222 2672 avar.
248 2637 277 2671 He
290 2637 331 2671 died
346 2638 369 2672 A.
377 2639 401 2672 D.
412 2641 461 2679 1583,
475 2637 509 2670 and
517 2636 532 2670 is
545 2636 602 2680 styled
610 2637 669 2682 hythe
677 2638 727 2671 Four
736 2638 851 2671 masters-r
859 2652 870 2673 a

95 2684 151 2716 vessel
159 2683 192 2716 full
201 2684 222 2717 of
227 2684 301 2717 wisdom
314 2685 330 2725 ;”
342 2695 365 2716 an
379 2684 476 2717 encomium
488 2681 545 2715 which
553 2682 594 2725 they
602 2683 662 2716 would
673 2688 705 2716 not
712 2683 758 2727 give,
766 2684 783 2717 ff
789 2684 816 2716 his
829 2696 869 2719 sous

94 2728 134 2761 vvho
143 2739 174 2761 ara
181 2729 283 2762 mentioned
291 2730 315 2762 A.
325 2728 348 2763 D.
359 2731 409 2770 1582,
418 2741 435 2773 p.
444 2726 547 2766 iver-1787,
555 2726 590 2759 had
598 2732 629 2760 not
635 2728 680 2763 been
687 2729 733 2762 born
738 2728 800 2762 before
808 2729 831 2763 he
839 2731 868 2764 bc·

95 2782 143 2804 came
152 2785 163 2805 a
171 2773 231 2816 priest.
255 2775 273 2807 A
279 2773 342 2817 bishop
348 2774 370 2806 of
375 2774 451 2807 Ardfert
458 2774 472 2806 is
485 2784 506 2805 on
515 2772 545 2805 the
556 2772 585 2805 list
594 2771 616 2804 of
621 2773 703 2817 spiritual
711 2784 763 2817 peers
771 2780 844 2818 present
850 2781 869 2809 at

94 2816 124 2848 the
140 2818 252 2861 parliament,
266 2821 317 2852 1560.
344 2820 362 2852 A
378 2819 439 2863 bishop
456 2818 476 2852 of
486 2817 561 2852 Ardfert
569 2817 583 2849 is
591 2816 628 2850 also
641 2829 706 2862 among
713 2819 743 2852 the
752 2831 803 2863 peers
812 2820 831 2854 in
839 2821 869 2854 the

94 2861 199 2902 parliament
208 2866 259 2903 1585,
273 2864 324 2897 when
330 2864 380 2897 there
389 2864 473 2907 certainly
485 2873 519 2896 was
531 2873 554 2895 uo
562 2862 623 2907 bishop
632 2863 653 2896 of
657 2863 723 2908 Kerry.
746 2864 869 2900 Fitzmaurice
878 2905 884 2907 ,

94 2915 129 2937 was
137 2905 199 2951 bishop
205 2909 253 2942 from
263 2911 305 2942 1551
316 2914 334 2942 at
345 2909 395 2942 least.

118 2949 125 2965 '⁶
138 2951 186 2984 A.D.
201 2954 326 2988 I581.-Four
335 2954 418 2994 masters,
426 2966 443 2999 p.
451 2954 500 2990 1761.

209 3001 234 3037 16
