2237 3535
276 306 302 344 at
417 305 552 347 o'sunnnrinr
567 318 668 347 nrsrorrn
683 318 808 357 crrrnomonr,
822 319 870 348 000.
886 320 900 347 1.
956 306 1007 359 [ma.
1022 317 1047 346 rr.

275 426 318 453 rum
343 415 359 455 si
376 428 438 456 mcum
455 415 575 469 amplecteris
592 415 712 464 sententiam,
729 416 830 458 consilium
847 420 943 466 mutares;
966 429 1049 468 namque

275 468 333 509 multi
343 469 382 511 huo
391 472 473 524 ingressi
489 470 570 525 amplius
587 484 628 511 non
645 471 757 520 extiterunt,
773 473 825 526 quod
835 487 875 513 non
885 473 931 513 satis
939 475 1050 512 constanter

275 522 318 564 Deo
329 526 397 568 confisi
406 527 451 576 sint,
461 527 528 567 necin
537 525 613 566 mortali
621 539 699 578 corpore
708 526 836 568 sustinuerint
846 542 878 568 eos
889 527 989 576 cruciatus,
1002 538 1050 579 quos

275 585 386 632 peccatores
404 586 448 636 post
463 581 538 622 obitum
551 580 620 634 iniquo
637 581 700 620 animo
717 580 790 620 ferunt.
820 582 854 623 sn
868 582 906 623 tibi
918 583 978 622 fixum
988 585 1018 621 est
1029 580 1050 620 id

219 634 328 691 [21.]quod
343 637 408 677 animo
425 636 543 678 constituisti
559 636 646 689 exequill
659 634 704 676 audi
714 635 761 675 dum
776 635 859 679 breviter
869 652 949 692 expono,
960 649 1004 698 quse
1013 635 1050 675 tibi

275 690 316 737 sint
326 695 424 732 eventura.
452 691 540 732 Primum
555 690 592 730 Dei
608 689 668 743 legati
677 689 712 729 tibi
730 696 838 741 occurrent,
855 697 913 747 teque
931 691 1010 746 agendis
1019 690 1049 730 in-

275 748 357 786 struent.
386 746 461 787 Deinde
469 745 611 787 oacodaemones
621 745 678 785 variis
692 743 766 785 artibus
777 745 864 800 decipere
873 747 1001 796 conabuntur,
1009 746 1048 800 jam

274 800 401 854 indulgendo,
410 802 448 856 jam
454 799 567 848 minitando,
576 800 617 852 jam
626 798 728 839 saeuiendo.
757 796 832 841 Eorum
843 807 907 843 antem
917 802 1049 843 crudelitatem

275 855 345 896 evades
354 856 461 905 incolumis,
471 856 512 896 haec
522 853 579 894 verba
594 854 699 906 repetendo
716 854 811 895 “Christe
821 856 849 896 fili
858 857 896 898 Dei
906 858 950 907 vivi,
960 857 1050 897 miserere

274 911 312 951 mei
322 910 446 964 peccatoris.''
456 961 459 966 ,
474 909 506 950 Ita
516 924 539 949 ex
549 908 579 949 his
590 909 624 962 qui
633 912 680 949 sunt
688 923 713 949 ex
721 911 835 963 purgatorio
847 914 924 962 reversi,
935 912 1049 965 accepimus,

274 964 311 1005 sibi
321 966 430 1018 contigisse.
459 964 497 1004 His
508 963 585 1013 auditis,
596 977 632 1016 ego
643 968 724 1004 cunctos
734 965 832 1005 osculatus
843 970 862 1006 et
871 967 934 1007 valere
942 967 1012 1021 jubens
1019 967 1049 1007 in-

273 1020 350 1073 gredior
359 1024 442 1060 antrum.
461 1019 510 1060 Post
520 1033 551 1060 me
560 1019 620 1059 intrat
629 1019 706 1072 Anglus
716 1019 783 1073 Eques
792 1020 858 1061 Taresi
867 1021 971 1063 Dominus.
987 1021 1049 1070 illico,

272 1075 375 1115 interdicto
385 1075 441 1115 nobis
450 1074 554 1128 colloquio,
565 1073 618 1127 quod
627 1073 658 1114 rel
674 1078 753 1128 propter
765 1075 806 1116 lroc
816 1089 867 1116 mors
877 1077 960 1118 traditur
969 1077 1049 1131 irrogari

273 1132 293 1168 et
301 1129 375 1170 loribus
385 1144 426 1170 sera
436 1129 558 1178 confirmatis,
569 1129 621 1183 prior
631 1143 676 1169 cum
685 1130 757 1183 populo
772 1131 881 1172 reuertitur.

303 1209 485 1262 chcoraeeprimac
489 1208 675 1262 paraespaopaeortt
684 1210 780 1260 describit,
795 1215 814 1250 et
823 1211 872 1264 quie
878 1211 965 1263 receptat
973 1211 1049 1252 uenien-

272 1268 300 1305 tec
308 1265 381 1305 obviam
390 1265 430 1318 ipat
437 1265 529 1315 dixerint,
540 1265 630 1316 explieat.

299 1352 343 1406 Ego
352 1368 398 1394 vero
407 1354 460 1394 intus
469 1353 557 1394 inclusus
565 1367 609 1393 cum
620 1356 670 1393 antri
677 1354 837 1407 magnitudinem,
847 1355 899 1408 quod
905 1355 960 1396 ulnas
968 1359 1051 1408 quatuor

271 1408 353 1461 longum
369 1423 410 1449 esse
425 1412 479 1463 puto,
496 1408 610 1463 specularer,
625 1409 711 1461 comperi
720 1410 831 1450 interiorem
853 1414 928 1464 partem
948 1410 1049 1460 reflexam,

271 1464 411 1517 paululumque
426 1464 553 1505 extensionem
570 1463 592 1503 ad
609 1463 737 1516 ingredientis
754 1464 822 1505 laevam
838 1478 910 1506 versus.
947 1465 990 1509 Qua
1006 1479 1051 1506 cum

271 1519 376 1572 uestigium
390 1520 448 1573 figere
458 1523 569 1568 tentassem,
580 1518 643 1559 solum
657 1519 705 1559 adeo
720 1518 789 1569 debile,
806 1519 899 1573 pedisque
913 1521 951 1561 mei
965 1520 1050 1574 pondere

272 1577 356 1615 tremens
372 1574 430 1624 sensi,
446 1578 468 1615 ut
485 1574 533 1615 mihi
549 1574 612 1614 visum
627 1573 687 1614 luerit
705 1573 804 1615 hominem
820 1589 860 1615 non
876 1589 933 1629 posse
950 1576 1049 1628 sustinere.

271 1629 349 1670 idcireo
365 1630 443 1679 veritus,
458 1644 484 1670 ne
498 1630 520 1669 in
536 1629 657 1682 inopinatum
675 1628 752 1682 aliquod
767 1633 787 1669 et
800 1629 923 1683 incognitum
932 1631 1050 1683 profundum

271 1684 362 1734 haurirer,
373 1685 441 1738 pedem
451 1684 509 1725 retuli
516 1688 535 1724 et
540 1684 586 1724 fidei
592 1682 699 1732 catholicae,
707 1684 860 1737 constantiaeque
865 1685 955 1738 proesidio
961 1684 1049 1735 vallatus,

270 1739 324 1780 flexis
341 1739 423 1793 genibus
439 1754 505 1793 preces
521 1752 565 1779 sum
581 1740 661 1779 conatus
676 1738 780 1788 effundere,
791 1740 876 1793 mysterii
890 1740 939 1780 nihil
954 1739 1008 1780 aliud
1017 1754 1049 1780 ex-

270 1794 357 1835 istimans
380 1794 463 1836 subesse.
494 1793 591 1834 Ooeterum
607 1793 655 1834 hora
671 1793 747 1834 circiter
762 1795 1049 1848 unatransactacoepicunctis

270 1849 351 1890 artubus
360 1851 512 1898 contremiscere,
522 1849 631 1889 madescere
641 1848 716 1898 sudore,
729 1849 794 1890 dolere
801 1849 864 1900 corde,
872 1853 929 1903 atque
943 1864 1048 1891 nauseare:

269 1905 348 1958 perinde
357 1920 379 1945 ao
387 1905 410 1946 in
418 1905 476 1959 longa
485 1903 688 1957 navigationemarina
694 1904 801 1957 jactatione
808 1919 892 1945 vexarer.
921 1904 950 1945 Iis
965 1920 997 1945 me
1006 1920 1049 1960 per-

269 1959 412 2001 turbationibus
421 1974 537 2001 coueussum
546 1972 626 2000 somnus
635 1959 737 2012 oppressit,
744 1959 779 2000 sed
788 1973 855 2000 rursus
861 1959 951 2000 excitarit
960 1960 1049 2001 immanis

269 2015 350 2064 sonitus,
360 2016 446 2069 ingentis
455 2014 543 2064 tonitrui,
555 2014 606 2067 quod
621 2028 662 2054 non
676 2014 717 2068 ipse
731 2014 788 2056 solus·
796 2014 866 2064 audiri,
877 2014 912 2055 sed
922 2019 1018 2069 quotquot
1027 2017 1049 2056 in

268 2070 332 2111 insula
340 2071 426 2120 fuerunt,
437 2075 483 2111 sunt
493 2070 572 2124 experti,
583 2084 606 2110 eo
615 2069 678 2122 magis
695 2071 775 2111 attoniti
786 2070 838 2124 qnod
852 2070 892 2110 dies
910 2074 950 2110 erat
965 2071 1015 2111 clara
1029 2074 1049 2112 et

268 2140 340 2167 serena.
355 2126 451 2167 Nondum
459 2125 556 2180 repentini
564 2125 647 2165 tonitrui
654 2128 726 2164 terrore
733 2124 825 2166 vacabam
835 2139 879 2165 cunr
887 2138 918 2164 me
928 2124 976 2165 alius
985 2140 1048 2166 nouus

268 2184 287 2221 et
304 2182 386 2235 pristino
401 2181 462 2235 major
479 2194 538 2235 pavor
555 2180 632 2221 invasit.
661 2178 754 2232 Namque
767 2194 836 2220 somno
850 2194 891 2220 non
900 2193 978 2231 prorsus
988 2181 1049 2221 oculis

268 2237 361 2287 discusso,
371 2237 475 2290 improviso
485 2250 519 2290 per
533 2235 624 2275 ulnarum
642 2248 675 2274 sex
692 2233 817 2275 altitudinem
829 2233 898 2275 labari.
929 2233 973 2278 Quo
983 2236 1048 2276 subito

268 2306 313 2332 casu
323 2295 445 2347 experrectus
456 2292 533 2333 omnino
543 2290 573 2331 un·
583 2290 631 2331 adeo
641 2290 784 2342 expavefactus,
791 2292 860 2329 utnon
869 2290 923 2342 prius
932 2290 1001 2331 fuerim
1010 2292 1049 2331 mei

268 2361 352 2401 compos,
370 2361 429 2401 quam
443 2346 502 2387 verba
518 2346 551 2387 illa
568 2358 635 2398 quaea
649 2344 733 2396 proeside
748 2343 833 2386 caenobii
850 2344 908 2384 didici
928 2346 1048 2398 protulerim,

268 2405 281 2423 “
288 2402 364 2443 Christe
373 2402 402 2443 fili
411 2402 450 2443 Dei
459 2402 498 2443 riri
507 2399 642 2442 misereremei
653 2399 782 2453 peccatoris.”
812 2397 876 2452 Igitur
885 2399 930 2440 hinc
946 2402 1049 2454 spatiosius

268 2461 287 2497 et
296 2458 339 2499 luce
348 2458 449 2512 perfusum
458 2461 536 2498 antrum
552 2455 599 2505 vidi,
609 2454 662 2508 quod
678 2454 727 2495 inihi
741 2455 862 2509 percurrenti
876 2454 916 2495 solo
934 2455 980 2508 (jam
997 2457 1049 2496 enim

268 2512 341 2553 socium
351 2513 459 2566 amiseram)
471 2526 510 2566 quo
526 2511 588 2564 nnagis
604 2509 747 2564 progrediebar,
759 2524 782 2550 eo
789 2508 904 2562 protndius
911 2514 968 2563 atque
975 2512 1048 2551 vastius
1095 2544 1097 2546 .

213 2577 259 2619 [00]
268 2568 397 2621 occurrebatll
428 2567 471 2609 Nec
481 2572 546 2608 tamen
556 2566 609 2620 prius
620 2564 738 2620 procedendi
754 2566 814 2605 finem
829 2563 871 2612 feci,
882 2577 940 2616 quam
954 2565 1049 2607 inlocum

268 2622 306 2663 alta
316 2624 396 2678 caligine
405 2637 490 2664 mersum
499 2623 598 2676 ingressus
608 2621 662 2661 omni
671 2620 720 2661 lucis
731 2619 833 2673 splendore
842 2618 871 2659 iui
881 2618 990 2660 destitutus.
1007 2621 1044 2662 Sed

268 2677 307 2717 cito
316 2679 400 2720 tenebris
409 2679 493 2732 trajectis
504 2677 573 2718 deveni
581 2678 602 2717 in
612 2676 676 2717 aulam
686 2675 771 2728 amplam
785 2673 869 2727 quiden,
880 2673 964 2715 sednon
972 2676 1045 2730 majore

267 2732 353 2774 claritate
362 2734 462 2784 nitentem,
472 2747 532 2787 quam
541 2736 571 2773 est
580 2731 632 2786 apud
641 2745 678 2772 nos
688 2730 756 2784 hyeme
761 2729 894 2783 vespertinum
903 2730 1043 2783 crespuculum,

265 2802 302 2828 nec
319 2789 410 2830 contiuuo
425 2789 496 2843 pariete
512 2787 609 2829 ambiente
626 2786 660 2828 sed
677 2785 743 2826 solidis
760 2783 855 2825 columnis
869 2784 964 2825 fornicato
973 2786 1044 2826 vertice

265 2844 380 2885 coeuntibus
389 2845 459 2885 nixam.
488 2844 515 2885 Iu
524 2845 560 2884 hac
570 2846 673 2897 postquam
680 2840 752 2894 scepius
761 2839 801 2881 hue
810 2839 857 2880 illuc
867 2838 964 2880 ambulavi
972 2845 1043 2894 putans

263 2900 315 2941 nihil
322 2901 362 2954 jam
371 2899 444 2940 itineris
453 2899 549 2953 reliquum
564 2913 611 2949 esse,
622 2897 669 2948 sedi,
687 2895 750 2950 operis
759 2899 800 2936 tam
817 2894 919 2949 magnifici,
935 2896 987 2949 quod
1001 2911 1044 2938 meu
