2237 3535
51 399 94 427 oar.
105 382 145 434 vn]
246 393 274 421 nn
288 393 352 421 nunno
368 394 486 425 curuunoru.
501 392 609 420 nruonurr.

380 574 439 615 uAP.
454 572 480 612 V.

112 693 204 734 ouvellus,
213 696 274 738 etalii,
283 697 313 742 qui
324 696 391 730 bellum
398 699 495 741 gesserant,
504 705 565 739 regem
573 694 590 728 in
598 695 682 740 Angliem
690 695 769 738 adeuntfl
831 700 889 742 [M]

14 825 17 832 ·
53 803 93 844 His
103 801 171 841 diebus
181 801 281 851 O'Nellus,
292 802 406 842 Rotherieus
416 800 562 850 O’Sullevanus
573 802 641 854 Asper,
651 805 670 841 et
685 802 718 842 alii
726 808 826 855 magnates

52 857 118 900 Iberui
135 857 156 896 in
172 856 231 910 Angli
247 861 306 906 erunt,
318 856 355 910 qub
373 871 429 897 causa
443 870 494 896 novo
509 856 551 909 regi
567 855 682 908 gratulandi,
697 857 754 897 etde
768 857 826 898 rebus

53 914 91 954 suis
102 911 177 965 agendi,
191 926 210 952 se
222 912 352 952 contulerunt.
382 910 522 952 O’Sullevanus
537 910 592 951 nullo
608 910 667 952 modo
680 913 744 965 potuit
758 912 826 952 finium

41 1013 43 1015 ,
53 981 131 1009 suorum
141 967 286 1017 restitutionem,
294 971 327 1007 aut
336 968 471 1020 impunitatem
480 967 589 1020 impetrare.
619 967 638 1006 A
647 980 692 1020 rege
700 966 746 1007 verb
756 966 826 1007 Catho-

52 1024 95 1072 lieo,
106 1022 131 1062 ad
148 1034 205 1075 quem
213 1022 270 1076 fugit,
280 1024 370 1063 trecentis
379 1022 464 1062 nummis
474 1022 536 1062 aureis
545 1021 655 1071 menstruis
666 1026 685 1062 et
694 1036 749 1063 cruce
759 1037 826 1076 eques·

52 1079 87 1119 tris
106 1077 178 1117 ordinis
190 1076 236 1118 Divi
252 1077 321 1117 Jucobi
338 1080 383 1131 (qua
399 1078 456 1117 etiam
473 1078 514 1131 ejus
528 1077 563 1117 filii
578 1076 654 1126 Daniel,
665 1078 697 1131 qui
712 1078 764 1118 brevi
775 1078 826 1118 diem

53 1133 101 1173 obiit
111 1132 172 1186 capite
188 1132 236 1172 forte
251 1132 368 1183 vulneratus,
385 1137 404 1172 et
420 1132 533 1185 Dermysius
544 1133 606 1173 ornati
615 1132 709 1185 fuerunt),
721 1137 740 1173 et
750 1133 826 1173 comitis

51 1187 109 1228 titulo
120 1188 208 1236 donatur,
218 1193 237 1227 et
246 1187 346 1241 Derurysio
356 1188 406 1241 putri
413 1201 455 1228 meo
466 1187 606 1240 qiunquaginta
616 1188 668 1227 aurei
677 1187 757 1241 siugulis
772 1202 825 1228 men-

53 1242 112 1292 sibus,
129 1245 148 1282 et
165 1242 206 1283 aliis
221 1242 287 1283 multis
303 1242 338 1283 alia
353 1242 445 1283 beneficia
460 1243 588 1296 assignantur.
618 1242 712 1283 O'Nellus
721 1243 801 1296 jubetur
815 1258 826 1283 a

52 1298 125 1338 Jacobs
135 1311 180 1352 rege
189 1297 317 1351 possessiones
327 1312 371 1338 suns
380 1298 467 1346 retinere,
478 1301 497 1337 et
507 1297 583 1337 comitis
592 1297 668 1337 Tironae
677 1297 734 1338 titulo
741 1300 825 1338 'conten-

52 1358 84 1393 tus
93 1367 140 1393 esse.
167 1352 269 1392 Rotherico
286 1352 404 1406 principatus
414 1352 518 1392 O'Donelli
531 1352 652 1405 relinquitur,
662 1353 775 1406 comitisque
783 1353 827 1393 Tir-

53 1408 131 1448 conellae
141 1407 209 1447 titulus
219 1408 308 1448 donatur.
337 1408 411 1460 Aspero
421 1407 459 1447 illae
468 1411 544 1446 tantum
555 1408 689 1460 possessiones,
701 1421 748 1461 quas
757 1407 827 1448 habuit

53 1464 112 1516 prius,
123 1462 215 1516 quemad
224 1462 299 1515 Anglos
318 1461 418 1511 defecerat,
428 1461 568 1515 adjudicantur,
580 1465 598 1501 et
607 1460 685 1501 baronis
694 1462 763 1503 titulus
773 1463 828 1503 offer-

53 1524 92 1558 tur.
120 1517 157 1557 llle
166 1517 195 1557 ira
203 1518 287 1570 percitus
295 1517 375 1556 titulum
385 1516 469 1569 accipere
478 1516 548 1564 noluit,
560 1516 608 1556 etin
618 1516 716 1556 iberniarn
725 1521 828 1571 postquam

54 1573 129 1621 redivit,
145 1571 264 1612 Dnblrlinnae
279 1572 300 1611 iu
317 1576 406 1612 senatum
421 1571 445 1611 ad
459 1571 534 1625 regium
548 1571 650 1611 consilium
659 1572 765 1625 productus
775 1587 828 1613 serra-

54 1633 111 1676 tores,
122 1631 142 1667 et
151 1630 228 1680 gentem
244 1625 345 1680 Anglicarn
364 1626 471 1681 asperrimis
487 1625 551 1666 verbis
566 1627 658 1680 exagitat,
669 1641 707 1668 non
717 1627 741 1668 ab
751 1628 828 1681 Anglis,

56 1683 89 1722 sed
98 1683 122 1722 ab
132 1683 181 1736 ipso,
192 1681 300 1722 Catholioos
315 1682 374 1722 fuisse
391 1682 481 1730 devictos,
499 1688 557 1734 atque
573 1681 683 1731 debellatos,
698 1686 717 1723 et
731 1682 829 1723 Iberniem

55 1738 135 1790 Angliee
145 1737 225 1777 corone
236 1737 448 1786 defensemaeonsilio,
459 1741 478 1776 et
487 1736 557 1789 Anglis
567 1736 660 1790 improbe,
671 1741 690 1777 et
699 1738 770 1791 perfide
784 1752 829 1778 cum

54 1793 96 1846 ipso
107 1793 144 1846 agi,
155 1806 216 1845 neque
226 1792 283 1832 fidem
297 1791 378 1844 impleri.
407 1791 456 1832 Inde
471 1806 491 1831 se
507 1791 579 1844 ipsum,
595 1792 647 1845 quod
660 1805 746 1845 unquam
758 1793 828 1846 Anglis

55 1848 112 1888 fidem
131 1847 225 1895 habuerit,
240 1851 259 1886 et
279 1861 310 1886 eos
327 1847 427 1899 adjuverit,
442 1849 546 1895 execratur,
557 1846 642 1900 dirisque
660 1847 829 1899 imprecationibus

55 1902 141 1944 devovet.
170 1901 245 1954 Itaque,
256 1905 278 1940 ut
288 1902 350 1953 Asper
356 1905 397 1942 erat
408 1915 467 1954 asper,
478 1902 505 1941 sic
516 1902 618 1954 asperrime
627 1902 744 1956 perorarunt

382 2151 441 2192 CAP.
456 2151 493 2192 VI.

251 2259 297 2292 Post
303 2258 368 2292 bellurn
377 2258 416 2303 quis
421 2258 477 2292 fuerit
484 2259 561 2293 Iberniae
569 2265 639 2296 status?

57 2351 94 2390 Irn
103 2348 175 2389 bellum
192 2347 228 2388 hoc
244 2348 353 2389 contectum
369 2351 404 2396 est,
420 2347 498 2389 Ibernio
507 2363 557 2402 pene
566 2353 608 2391 tota
618 2351 720 2403 devastata,
732 2358 751 2395 et
761 2370 832 2406 eversa,

0 2408 3 2451 J
57 2406 174 2458 ingenteque
189 2403 259 2453 inedia,
275 2408 295 2443 et
309 2403 358 2443 fame
373 2417 440 2443 omnes
449 2404 558 2453 invadente,
570 2407 674 2459 quartulli
684 2410 776 2463 compulsi
786 2417 833 2451 sunt

0 2472 4 2512 g
59 2474 121 2509 eones,
132 2463 189 2512 utque
199 2462 250 2499 catos
267 2459 335 2499 edere:
349 2458 407 2498 multi
422 2458 486 2498 uehis
497 2459 575 2512 quidem
586 2463 731 2515 suppetentibus
744 2470 832 2518 percunt.

59 2515 129 2568 Neque
138 2514 225 2555 homines
234 2517 317 2563 tantum,
335 2513 367 2553 sed
384 2513 442 2553 etiarn
451 2512 508 2554 bruto
522 2515 582 2555 fames
593 2522 679 2570 occupat.
706 2518 758 2573 Lupi
768 2520 833 2573 sylvis,

61 2573 80 2609 et
88 2569 188 2610 montibus
198 2570 268 2622 egressi
278 2568 364 2609 homines
374 2567 438 2608 inedia
455 2567 527 2608 debiles
540 2570 653 2612 invadentes
664 2572 742 2614 laniant.
771 2575 834 2616 Canes

59 2625 126 2665 foetido
135 2624 231 2673 cadavera,
240 2625 349 2677 partimque
357 2624 378 2664 in
388 2624 470 2663 cinerem
479 2638 534 2664 versa
543 2626 649 2678 sepulchris
656 2629 764 2670 extrahunt.
793 2630 834 2671 Ita-

0 2690 5 2727 3
61 2693 98 2731 que
112 2680 162 2720 nihil
177 2683 222 2728 erat,
239 2679 276 2719 nisi
293 2678 385 2732 squaloris
400 2678 484 2732 plenum,
495 2682 515 2718 et
529 2694 574 2720 vera
591 2681 652 2736 Trojee
662 2683 739 2738 direpte
748 2686 835 2739 imagoa

60 2733 116 2788 Virg.
125 2735 160 2775 lib.
170 2735 183 2775 i.
193 2734 265 2775 AEneid
274 2734 374 2788 descripta.

201 2835 244 2874 Quis
252 2835 320 2869 cladem
327 2834 373 2868 illius
382 2834 444 2872 noetis,
453 2834 490 2878 quis
499 2835 563 2869 funera
574 2838 628 2873 tando

200 2881 295 2925 Explicet?
319 2881 356 2913 Aut
364 2880 419 2923 possit
427 2879 520 2925 lachrymis
530 2892 600 2925 :equare
609 2884 700 2918 dolorem?

86 2973 93 2988 *
107 2972 140 3005 See
151 2972 199 3007 Foru*
211 2975 295 3014 Martem,
304 2985 321 3018 p.
331 2975 382 3015 2343,
392 2972 443 3008 2347.
