2237 3535
94 368 138 395 car.
153 355 193 407 ns]
313 370 339 398 nn
354 371 418 400 uacuo
433 370 553 403 ouruanoru
567 368 677 397 annonara.
825 359 864 397 181

93 461 163 514 copias,
179 465 337 517 quinquemillia
353 469 432 523 colligit.
461 468 514 509 llum
523 471 570 508 tnnc
583 466 677 519 temporis
693 465 834 507 comitabantur
844 482 866 508 en

93 516 178 557 Ultoniis
188 519 235 560 Mac
249 520 324 563 Suinnii
337 528 375 564 tres
385 530 404 566 et
413 524 544 572 O'Doclrarta,
561 535 606 561 cum
620 522 669 573 ipso,
681 523 756 561 vetusto
769 522 811 574 jure
821 536 867 562 con-

91 571 160 624 juncti,
170 574 238 628 uirque
253 575 365 619 fortissimus
375 580 420 620 Mac
430 580 503 620 Guier:
518 592 540 618 cx
556 576 674 616 Gonnachtis
689 574 810 626 O’Ruarkus,
821 577 868 617 Mac

64 631 67 637 “
93 626 210 679 Williamus,
228 629 326 682 O’Kealla,
342 633 509 683 MacDiarmuda,
527 631 644 672 O'Couchnr
663 630 735 679 Ruber,
756 631 867 672 O’Dudius.

93 681 125 721 Ad
134 682 189 723 illum
199 685 256 725 etiam
266 687 317 727 venit
326 687 406 731 Maurus
416 689 462 730 Mac
473 688 537 729 Sihius
547 686 617 727 nobilis
628 699 686 740 eques
700 685 812 727 Momonius
822 701 867 727 cum

93 736 186 798 militibus
196 742 290 792 trecentis,
301 748 401 798 postquam
411 745 460 785 duos
470 744 544 784 circiter
553 756 615 782 annos
624 743 645 782 in
655 740 799 781 Momoniarum
809 741 867 795 sylvis

93 791 171 833 latitans
187 796 207 835 et
223 796 267 838 inde
283 801 398 853 erumpendo
414 799 515 848 haereticis,
532 802 555 838 ut
570 801 652 851 poterat,
668 796 761 836 damnum
776 796 866 846 inferens,

93 847 176 888 multum
191 849 262 891 laboris
274 854 359 906 pertulit.
388 856 521 896 Interfuerunt
537 853 612 906 aliquot
628 851 752 893 ecclesiastici
761 852 867 905 praesertim

92 901 218 964 Rapmundus
228 906 356 949 O'Gallaclrur
365 909 414 950 Luci
421 911 523 963 episcopus
532 913 551 949 et
560 906 784 960 Iberniaeviceprimas,le
794 908 828 960 qui
834 921 866 947 eos

93 969 127 1018 qm
137 961 209 1013 aregio
219 963 301 1003 exercitu
311 964 334 1004 ad
344 964 464 1005 Oatholicum
480 963 594 1012 transibant,
605 962 808 1003 excommunicationis
818 962 866 1015 liga-

92 1026 143 1053 mine
153 1014 244 1057 solvebat.
272 1018 341 1059 Norris
356 1034 400 1059 cum
410 1034 445 1059 suo
458 1023 514 1060 tanto
524 1022 543 1059 et
552 1022 592 1058 tarn
601 1019 696 1058 instructo
706 1018 791 1058 exercitu
800 1017 865 1058 Anth-

91 1066 142 1108 lonia
151 1072 255 1123 procedens
265 1073 288 1114 ad
298 1073 457 1115 Baleanrobuiam
472 1088 544 1128 pagum
556 1073 618 1126 (Baile
633 1087 658 1113 an
668 1072 733 1124 Robu)
745 1073 767 1112 in
781 1072 865 1113 Ramna-

92 1123 187 1166 cuilliamo
203 1128 312 1182 principatu
327 1130 427 1183 pervenit,
444 1129 509 1181 ibique
527 1129 553 1168 cis
563 1129 635 1168 fiumen
650 1128 742 1168 const'tit.
772 1126 824 1168 Nam
839 1128 863 1168 ab

91 1177 150 1220 altera
165 1186 219 1234 parte
235 1183 318 1223 fluminis
334 1184 453 1224 O'Donellus
464 1183 582 1224 consederat.
602 1182 668 1222 Primo
683 1183 719 1231 die,
730 1187 825 1237 nocteque
835 1197 864 1222 se-

91 1238 161 1286 quente
177 1237 280 1278 missilibus
297 1239 388 1290 utrinque
404 1237 484 1278 minime
499 1238 583 1291 segniter
599 1241 702 1290 pugnatur.
731 1237 810 1278 Postera
819 1238 863 1278 luce

90 1288 159 1330 Norris
178 1291 223 1332 dato
243 1293 297 1346 signo
317 1293 433 1345 colloquium
452 1293 508 1345 petit.
539 1291 667 1343 Colloquendi
684 1295 799 1344 potestatem
817 1293 864 1333 facit

91 1343 216 1386 O'Donellns.
244 1347 275 1387 Ex
290 1347 386 1400 colloquio
403 1347 425 1387 eb
441 1351 521 1387 ventum
537 1351 572 1395 est,
582 1350 606 1388 aa
617 1347 640 1386 de
654 1347 707 1399 pacis
721 1347 864 1388 conditionibus

90 1404 183 1452 ageretur.
213 1401 286 1442 Omnes
303 1402 343 1442 dies
359 1402 442 1442 induciis
460 1402 537 1442 sancitis
548 1401 571 1441 de
581 1414 628 1453 pace
643 1414 705 1441 sermo
714 1401 863 1452 instituebatur,

89 1457 155 1494 noctes
172 1460 223 1496 totas
237 1457 307 1496 infeste
322 1457 454 1506 dimicabatur,
469 1456 511 1496 aliis
527 1456 548 1495 in
565 1455 647 1496 aliorum
662 1460 723 1495 castra
738 1456 865 1508 irruptionem

89 1508 210 1559 facientibus,
220 1511 287 1563 vigiles
297 1514 316 1551 et
326 1511 454 1564 exploratores
471 1509 597 1565 capientibus,
615 1510 702 1551 cominus
712 1514 731 1550 et
741 1511 815 1551 eminus
826 1525 865 1551 cer-

89 1562 181 1604 tantibus.
211 1565 282 1607 Evenit
291 1570 314 1606 nt
323 1571 380 1607 nocte
397 1581 435 1606 una
450 1581 489 1620 qua
502 1565 589 1613 Navalis,
599 1565 674 1619 vigilias
685 1565 760 1618 agebat,
770 1566 818 1619 regii
827 1570 865 1607 tre-

89 1618 140 1658 centi
150 1620 292 1661 succubuerint.
320 1622 352 1662 En
361 1621 442 1661 Norrise
448 1621 473 1662 ad
480 1621 610 1661 O’Donellum
617 1621 707 1661 nonnulli
711 1621 864 1673 transfugerunt,

87 1675 194 1726 prasertim
210 1675 318 1716 Thaddaeus
335 1676 457 1726 O’ltuarkus
469 1676 568 1716 O’Ruarki
582 1676 647 1725 frater,
659 1677 692 1728 qui
707 1676 758 1729 apud
775 1677 865 1716 comitem

88 1727 206 1770 Urmonium
222 1732 383 1784 consanguineum
402 1746 459 1772 suum
469 1747 480 1771 a
489 1731 571 1784 pueritia
588 1731 634 1783 egit.
664 1730 719 1771 Inter
728 1730 824 1784 agendum
840 1731 863 1772 de

89 1797 136 1837 pace
145 1784 215 1826 Norris
224 1785 294 1826 obtulit
304 1786 419 1836 O'Donello,
428 1786 539 1836 O’Ruarko,
546 1786 592 1826 Mae
602 1786 707 1835 Williamo‚
714 1790 734 1826 et
744 1786 784 1826 aliis
793 1800 864 1840 magna

89 1840 167 1892 praemia
182 1845 206 1880 ut
220 1841 242 1881 iu
257 1842 328 1894 reginae
345 1842 425 1894 gratiam
442 1841 532 1882 redirent.
562 1840 612 1885 Quae
628 1856 658 1881 res
673 1855 695 1881 eo
709 1841 773 1881 minus
783 1842 862 1893 profuit,

90 1893 142 1947 quod
151 1895 181 1935 his
192 1895 258 1936 diebus
267 1896 321 1936 navis
339 1896 427 1950 Hispana
442 1897 464 1937 in
480 1896 623 1936 munimentum
640 1895 761 1936 ecclesiarum
773 1896 827 1949 (Dan
837 1911 863 1937 na

88 1949 183 2002 gcheaull)
200 1951 258 1999 venit,
275 1950 365 2000 O'Nello,
382 1951 497 2000 O’Donello,
513 1955 532 1991 et
547 1951 589 1991 aliis
606 1950 682 1991 Ibernis
699 1950 792 1991 Catholici
810 1952 862 2004 regis

88 2005 166 2046 nomine
182 2020 260 2046 suasum
269 2020 293 2046 ne
303 2005 326 2046 ab
340 2007 422 2060 incaepto
433 2006 552 2054 desisterent,
563 2009 582 2045 et
597 2005 695 2059 Hispanos
711 2020 767 2058 opem
781 2005 860 2047 laturos.

88 2059 120 2100 Ita
137 2074 180 2101 curn
197 2075 282 2101 mensem
297 2062 394 2115 integrum
402 2075 432 2101 res
442 2061 511 2101 fuisset
527 2062 588 2112 aetati
601 2060 671 2101 Norris
686 2060 782 2101 rediturus
798 2065 928 2118 castrapua]

88 2120 158 2156 movet.
187 2115 247 2156 Illum
257 2117 342 2169 sequitur
352 2115 471 2156 O’Donellus
480 2115 558 2156 ultimos
568 2115 650 2165 ordines,
662 2115 738 2168 alasque
747 2115 861 2157 novissimas

87 2170 192 2211 missilibus
198 2172 282 2225 graviter
291 2186 367 2213 vexans.
396 2171 439 2211 Nec
444 2175 509 2211 tamen
519 2170 559 2210 suis
568 2169 699 2211 laborantibus
709 2171 860 2212 succurrendum

87 2225 146 2264 fuisse
162 2228 231 2267 statuit
245 2226 320 2276 Norris,
335 2227 395 2267 donec
411 2226 513 2275 Catholici,
523 2226 557 2278 qui
572 2239 605 2265 eos
621 2225 739 2279 impetebant
753 2226 861 2279 proximam

88 2293 151 2333 sepem
161 2281 278 2322 transilirent
284 2300 291 2332 3
307 2283 340 2335 qui
349 2282 400 2322 enim
409 2295 473 2334 sepem
483 2281 587 2321 transirent
599 2295 630 2321 eos
640 2296 651 2320 a
661 2281 700 2320 suis
714 2279 793 2333 impune
801 2282 860 2334 jugu-

86 2334 154 2375 landos
164 2336 285 2377 existimavit.
315 2337 373 2382 Quod
383 2337 439 2377 etiam
450 2336 570 2377 O’Donellus
580 2335 732 2376 animadvertens
746 2349 795 2388 equo
811 2336 860 2376 cele-

86 2390 132 2430 riter
147 2394 214 2431 vectns
231 2391 254 2431 ad
271 2406 336 2445 sepem
353 2406 435 2440 currem,
452 2391 498 2431 inde
515 2405 559 2431 suos
576 2390 631 2431 avide
646 2391 760 2430 transituros
775 2395 859 2432 revocat.

86 2445 156 2486 Norris
165 2446 201 2486 hac
211 2461 245 2500 spe
254 2447 356 2488 frustratus
372 2447 468 2487 fortunam
483 2460 537 2486 suam
547 2445 594 2485 diris
610 2445 778 2499 imprecationibus
796 2446 859 2486 insec-

86 2504 145 2549 tatur,
164 2500 216 2554 qubd
235 2503 256 2541 in
274 2502 353 2543 Ibernib
371 2501 505 2556 angustissimo
522 2505 615 2540 terrarum
633 2500 684 2540 orbis
700 2505 774 2553 puncto
792 2500 860 2541 fecerit

84 2556 178 2609 jacturam
189 2557 255 2610 gloriae
266 2572 322 2611 quarn
332 2558 402 2612 magna
411 2557 487 2605 virtute,
498 2556 563 2608 reique
569 2555 658 2595 militaris
666 2555 778 2604 scientiam
788 2554 859 2606 Gallia,

86 2615 105 2651 et
120 2611 189 2665 Belgio
205 2613 243 2652 aar
260 2619 369 2663 assecutus,
384 2615 462 2653 mestus
479 2611 581 2663 quaeritans
591 2611 677 2650 hostium
686 2610 808 2663 imperatores
818 2626 830 2651 a
840 2626 860 2652 se

86 2667 165 2707 scientia.
181 2668 209 2708 rei
224 2667 296 2709 bellicae
312 2683 352 2709 non
367 2668 451 2722 superari
461 2669 480 2706 et
489 2665 513 2705 ab
523 2679 588 2705 corum
604 2664 697 2705 militibus
707 2679 752 2705 suos
762 2664 831 2707 robore
841 2671 860 2707 et

107 2844 115 2859 ⁸
127 2844 180 2878 After
189 2844 302 2889 Magauran¹s
319 2844 377 2878 death.
400 2844 434 2877 See
442 2847 482 2875 note
491 2852 550 2884 supra,
558 2852 575 2885 p.
587 2842 632 2883 1585
645 2841 681 2874 also
690 2841 795 2876 Lombard’s
805 2845 858 2879 Gom-

70 2894 72 2907 ¹
84 2890 186 2928 mentarins,
195 2901 211 2933 p.
220 2892 260 2923 431.
285 2890 324 2923 The
332 2886 501 2922 excommunication
508 2886 549 2918 here
558 2885 639 2919 referred
647 2890 672 2925 to,
678 2887 692 2919 is
698 2886 738 2920 that
743 2891 860 2933 pronounced

81 2932 99 2964 in
108 2932 138 2965 the
147 2935 190 2968 Bnll
200 2935 220 2968 of
228 2935 256 2969 St.
264 2935 308 2968 Pius
316 2935 340 2969 V,
349 2935 417 2978 against
425 2932 526 2973 Elisabeth,
536 2932 570 2965 and
578 2931 610 2964 her
620 2932 720 2967 adherente.
