2237 3535
254 414 267 453 t
424 425 451 453 nn
466 422 597 452 oaruomcuu
611 421 717 449 nuoroanu
732 416 837 451 nrrsrona?

255 527 333 563 strenue
351 520 491 575 profuderunt3
513 519 575 559 nostri
589 519 671 559 maxime
680 519 708 572 pii
724 519 848 570 confessores,
863 517 896 572 qui
914 514 1026 557 fetidorum

255 591 352 619 carcerum
361 576 405 624 situ,
415 579 435 615 et
444 574 532 628 squalore
541 574 611 622 afflicti,
622 573 647 614 ad
656 573 756 627 Empyreae
765 575 823 629 regiae
837 572 957 629 splendorem
966 572 1026 612 demi-

255 637 341 688 grarunt,
347 630 407 671 nostri
420 628 571 683 eloquentissimi
585 629 728 670 concionatores
737 629 771 682 qui
779 634 905 671 tartareorum
914 628 1027 681 dogmatum

255 687 315 729 rabiei
328 688 472 738 repugnarunt3
489 684 552 724 nostri
569 683 669 724 fortissimi
685 687 704 724 et
723 682 822 726 clarissimi
839 686 902 733 duces,
917 683 1027 735 militesque

255 740 378 795 magnanimi,
389 740 423 793 qui
431 739 542 780 maluerunt
553 739 575 779 in
584 739 624 779 acie
631 739 704 788 cadere,
714 739 782 779 acriter
791 743 811 779 et
820 741 905 781 animose
911 738 1026 793 praeliantes,

256 811 313 851 quam
322 794 417 843 hereticis,
431 794 511 835 scelesto
523 794 624 834 honnnum
634 794 700 847 generi
708 793 852 848 obtemperare3
867 799 938 836 nostrae
944 793 1027 834 foeminae

256 866 299 906 quae
307 850 358 891 virili
367 850 430 890 animo
440 849 527 903 proeditae
536 862 637 902 nunquam
651 849 783 889 hereticorum
792 850 860 890 terrori
870 849 1026 897 succubuerunt,-

255 906 316 947 nostri
325 905 380 959 pueri
389 907 408 945 et
413 904 503 954 infantes,
511 917 593 957 quorum
604 904 649 944 vitae
654 904 765 945 haereticum
773 904 846 944 ferrum
852 905 930 945 minime
935 903 1026 958 pepercit,

212 959 248 1002 [2]
258 962 327 1015 fidigna
343 958 399 1000 laude
414 959 520 1012 prirentur,
537 961 556 998 et
573 957 643 1011 quibus
653 958 758 1013 sepulchris
773 973 839 1000 eorum
852 974 931 1013 corpora
940 958 1027 1000 condun-

255 1020 292 1065 tur,
303 1015 375 1055 eisdem
391 1014 449 1054 etiam
458 1015 510 1054 fama
526 1017 545 1054 et
554 1014 646 1054 memoria
655 1014 753 1056 obruatur.
782 1013 832 1057 Quae
841 1028 872 1054 me
882 1029 938 1055 causa
948 1013 1027 1066 subigit,

254 1076 277 1112 ut
285 1071 336 1111 hanc
344 1069 444 1110 historiam
461 1068 581 1109 scribendam
591 1069 699 1123 suscipiam,
717 1083 765 1110 onus
774 1070 863 1124 profecto
879 1070 930 1123 quod
942 1068 1028 1123 postulat

255 1132 274 1167 et
287 1125 350 1178 majus
368 1125 468 1178 ingenium
484 1128 504 1164 et
524 1123 587 1164 ocium
604 1138 662 1177 quarn
675 1138 746 1173 meum,
757 1126 790 1178 qui
800 1126 897 1166 communi
904 1126 971 1178 patriae
979 1138 1027 1164 meae
1070 1146 1071 1149 =

254 1183 368 1235 tempestate
377 1193 420 1219 sum
428 1180 518 1233 jactatus.
535 1178 608 1219 Tamen
617 1193 702 1220 summos
712 1183 731 1220 et
737 1179 820 1221 iberniae
830 1180 960 1220 ornatissimos
970 1179 1027 1227 uiros,

254 1236 288 1289 qui
306 1234 404 1288 Religioni
413 1233 517 1274 Catholicae
526 1233 583 1283 bello,
593 1248 678 1288 paceque
691 1249 780 1288 magnam
790 1235 881 1276 virtutem
890 1235 1026 1288 praestiterunt,

254 1291 277 1332 ab
293 1290 389 1331 oblivione
408 1289 510 1329 hominum
527 1292 547 1329 et
570 1289 649 1330 interitu
665 1290 724 1330 statui
739 1290 848 1339 rindicare;
872 1288 1027 1342 quandoquidem

253 1349 367 1399 praestantes
385 1344 421 1384 uiri
438 1347 482 1397 post
495 1358 564 1398 corpus
572 1344 593 1384 in
603 1345 675 1385 cineres
690 1359 772 1394 versum,
781 1345 858 1394 litteris,
869 1345 1027 1398 quasiimmorta-

253 1402 307 1442 litate
315 1399 397 1454 quadam
408 1398 474 1439 donati
481 1400 556 1448 uiuunt,
568 1404 591 1439 ut
599 1399 651 1440 idem
660 1404 718 1453 poeta
727 1401 803 1454 egregie
812 1403 900 1441 testatur.

346 1490 360 1507 “
368 1484 450 1518 Carmine
455 1485 477 1517 fit
482 1484 534 1517 vivax
540 1484 604 1526 virtus,
611 1496 708 1530 expersque
714 1486 802 1530 sepulchri

392 1528 482 1562 Notitiam
490 1540 533 1563 seraa
541 1530 651 1573 posteritatis
656 1530 715 1563 habet.

370 1574 439 1607 Tabida
446 1575 535 1608 consumit
542 1574 615 1615 ferrum,
623 1576 732 1618 lapidemque
740 1580 824 1610 vetustas.

392 1618 484 1663 Nullaque
491 1629 519 1651 res
527 1619 584 1662 majus
591 1625 672 1663 tempore
679 1620 734 1653 robur
741 1620 800 1654 habet.

370 1663 441 1707 Scripta
448 1664 509 1697 ferunt
516 1675 571 1697 annos
580 1678 584 1697 ι
595 1665 666 1708 scriptis
674 1666 806 1709 Agamemnona
813 1667 860 1706 nosti
867 1681 870 1699 :

392 1708 419 1742 Et
427 1708 505 1752 quisquis
514 1713 576 1742 contra
584 1709 611 1742 vel
620 1710 672 1742 simul
680 1721 729 1743 arma
735 1710 782 1744 tulit.

371 1753 415 1791 uuis
423 1753 498 1792 Thebas,
507 1758 608 1798 septemque
617 1755 670 1788 duces
677 1755 714 1788 sine
723 1756 800 1788 carmine
807 1760 868 1789 nosset

392 1798 419 1831 Et
425 1798 512 1842 quidquid
518 1804 560 1843 post
567 1799 610 1840 haec,
619 1799 704 1843 quidquid
710 1805 728 1834 et
734 1805 775 1834 ante
788 1800 823 1833 fuit
831 1805 838 1833 Ρ

369 1842 401 1876 Dii
409 1854 478 1887 quoque
486 1843 592 1877 carminibus
598 1845 622 1886 (si
629 1844 655 1878 fas
662 1850 689 1877 est
695 1845 762 1889 dicere)
769 1846 821 1887 fiunt,

392 1888 486 1932 Tantaque
493 1889 575 1932 majestas
584 1901 615 1922 ore
624 1891 702 1923 canentis
711 1892 767 1935 eget.’'

282 1981 348 2022 Altius
358 1984 422 2021 autem
431 1980 496 2034 paulo,
503 1980 580 2020 initium
590 1993 670 2028 sumam,
678 1979 746 2020 insulae
755 1984 849 2032 naturam,
855 1981 919 2035 gentis
927 1980 1026 2033 originem,

254 2051 323 2085 mores,
333 2035 452 2088 religionem,
468 2039 488 2075 et
497 2049 558 2085 casus,
568 2035 650 2076 manime
660 2034 683 2075 ab
694 2039 737 2075 ortu
746 2037 846 2089 praesentis
858 2036 935 2077 haeresis
945 2049 1026 2076 comme-

254 2106 337 2132 morans.
366 2090 436 2144 Neque
446 2104 494 2144 quas
503 2104 534 2130 res
541 2091 662 2144 magnanime
672 2093 692 2130 et
698 2090 773 2130 fortiter
782 2092 845 2132 nostri
853 2092 918 2132 hostes
928 2095 948 2131 et
957 2090 1027 2131 Catho-

253 2147 295 2188 licae
304 2146 412 2199 Religionis
428 2146 527 2199 gesserint,
549 2148 567 2185 et
584 2144 746 2199 quemadmodum
755 2145 779 2185 ab
793 2146 817 2186 iis
832 2149 926 2187 nostrates
940 2147 1027 2186 homiues

254 2202 326 2242 fuerint
339 2201 392 2250 victi,
402 2200 478 2250 tacebo,
489 2213 556 2241 eorum
565 2214 666 2254 prosperos
676 2214 731 2239 casus
741 2200 853 2254 diligentius
862 2200 961 2241 referendo
971 2215 1029 2253 quam

255 2261 300 2297 sunt
308 2255 331 2297 ab
337 2257 424 2309 ipsorum
434 2255 561 2308 scriptoribus
570 2255 664 2295 hactenus
673 2254 750 2295 traditi:
765 2255 878 2309 nullibique
884 2255 927 2296 illos
942 2255 1027 2309 indiguis

254 2311 347 2352 conviciis
366 2315 399 2351 aut
414 2310 488 2364 injuria
500 2310 580 2350 afficiam
596 2313 630 2350 aut
645 2308 710 2349 dehita
723 2309 780 2349 laude
794 2311 893 2361 fraudabo,
902 2310 961 2351 modo
970 2325 1027 2363 cequo

254 2367 318 2407 animo
337 2367 405 2416 ferant,
425 2379 511 2406 nevero
535 2364 611 2405 silentio
630 2364 700 2405 tacitus
724 2365 827 2408 involvam.
862 2366 911 2408 Vale
930 2365 1028 2407 catholice

253 2421 330 2462 Lector.
