2237 3535
111 390 155 418 car.
165 378 205 431 ru]
282 389 370 417 runaura
381 390 477 421 onouooo
488 392 514 419 an
525 394 599 422 nnenrs
610 391 707 421 cunnum.
856 379 882 418 63

109 488 152 550 paci
161 490 181 528 et
187 485 317 550 contractibus
327 486 417 538 deditum,
428 504 469 530 non
477 490 534 530 armis
541 490 670 530 assuefactum
679 485 796 536 incolebant,
805 489 884 540 repente

110 543 156 592 adit,
172 542 254 605 obsidet,
270 547 376 595 oppugnat,
392 544 475 598 doloque
490 545 552 598 magis
562 558 620 597 quam
629 543 650 583 vi
662 543 719 596 capit,
730 541 883 594 Oosmanosque,

109 601 132 638 ut
148 612 183 651 pro
199 611 242 651 rpso
259 611 311 637 arma
321 602 402 649 sumant,
413 599 517 653 compellit.
545 599 604 640 Brevi
613 598 729 640 Ibernorum
739 611 779 637 suae
788 596 884 645 factionis,

108 652 224 706 Anglorum,
235 651 381 704 Oosmanorum,
394 668 487 708 maguum
497 654 602 694 exercitum
613 657 701 694 coactum
710 651 785 701 habuit,
797 665 854 705 quem
862 651 885 690 in

108 707 190 748 Ibernos
201 707 247 748 alios
257 706 317 769 ducit,
328 710 391 749 omnia
406 709 533 763 depopulans,
544 709 646 750 devastans
660 711 680 748 et
695 706 783 760 undique
800 711 885 759 stragem

108 763 172 825 edens.
203 762 263 824 Haud
278 763 336 803 rumis
346 765 383 805 cito
393 764 510 805 Rothericus
527 764 646 805 Oonnachtae
659 776 693 803 rex
702 776 748 802 cum
758 761 882 815 magnatibus

108 818 150 858 alus
160 821 250 880 occurrit,
279 817 360 880 Aliquot
370 820 458 860 secundis
475 820 546 873 praeliis
562 818 659 873 Dermysii
669 818 754 858 furorem
765 816 886 870 aliquantum

107 874 190 926 trangit:
206 872 260 912 dum
271 872 357 914 obsidem
373 875 416 915 dare
426 875 479 928 cogit
493 875 639 916 Onothurninm
648 873 715 913 filium.
745 871 801 912 Inter
810 874 885 911 utrum-

108 942 145 981 que
154 927 218 968 hoedus
227 928 339 990 percutitur.
370 930 419 970 Inde
428 930 542 985 Dermysius
558 931 617 971 homo
634 933 692 970 natus
706 926 731 968 ad
741 926 886 967 contentionem

108 988 127 1024 et
137 983 291 1045 perturbationes
300 983 337 1024 alio
347 990 411 1025 moret
421 999 486 1026 arma:
502 985 586 1040 Osspriae
599 984 729 1039 principatum
739 982 815 1022 invadit
821 998 827 1031 3
843 981 886 1020 sine

109 1038 287 1100 mora'Tomonram
296 1039 351 1092 petit,
361 1040 413 1080 unde
423 1044 505 1090 arcetur,
521 1040 666 1081 aDomhnaldo
677 1035 886 1079 O'BrieneTomoniae

108 1107 200 1147 principe.
230 1093 285 1156 Ilheo
304 1094 355 1134 inter
373 1094 519 1135 Domhualdum
538 1099 558 1136 ct
576 1095 703 1135 Bothericum
722 1092 797 1133 bellum
817 1091 885 1131 oritur.

110 1148 174 1211 Quam
183 1163 302 1211 ocoasponem
311 1148 424 1202 Dermysius
434 1154 563 1203 opportunam
576 1154 636 1199 ratus,
646 1153 669 1189 nt
677 1149 720 1202 ipse
729 1148 790 1187 totius
800 1145 886 1187 Iberniae

108 1217 188 1265 imperio
204 1207 303 1266 potiretur,
320 1204 336 1243 si
352 1204 449 1257 frangeret
463 1205 570 1257 potentiam
579 1204 684 1253 Rotherici,
695 1203 729 1256 qui
739 1217 761 1243 ea
770 1204 885 1254 tempestate

107 1263 253 1311 potentissimus
262 1258 379 1298 Ibernorum
385 1258 492 1307 videbatur,
503 1274 514 1298 a
523 1259 623 1298 nonnullis
638 1259 698 1298 totius
708 1257 792 1297 Iheruiae
801 1269 885 1308 magnus

109 1314 150 1353 Rex
160 1314 273 1367 appellatus,
285 1327 329 1352 suas
338 1313 388 1352 vires
397 1313 497 1365 Anglicas,
505 1312 637 1361 Oosmanicas,
647 1312 746 1352 lbernicas
757 1326 801 1351 cum
810 1310 885 1350 Domh-

107 1368 164 1408 naldo
175 1368 282 1422 conjungit.
311 1366 502 1419 Cumquemonitus
516 1372 536 1407 et
551 1372 631 1420 rogatus
645 1367 732 1419 incoepto
750 1365 839 1405 desistere
856 1365 886 1416 (ea

109 1424 163 1485 regni
173 1422 279 1484 cupiditate
296 1420 397 1475 flagrabat)
415 1422 516 1471 renuisset,
534 1423 575 1476 ejus
584 1422 656 1473 filiumss
669 1420 819 1469 Cnothnrnium,
829 1433 886 1472 quem
894 1430 940 1475 [59,]

109 1492 160 1531 paors
178 1477 266 1517 obsidem
282 1479 380 1516 extortum
398 1475 458 1516 fuisse
478 1477 585 1527 docuimus,
606 1476 721 1517 Rothericus
741 1473 887 1528 monteplectit.

109 1532 181 1584 Neque
196 1531 278 1584 longum
294 1534 339 1583 post
354 1535 431 1584 tempus
448 1532 561 1586 Dermysius
571 1532 626 1581 vixit,
644 1531 678 1584 qui
692 1534 768 1571 naturae
780 1530 812 1583 jus
823 1528 887 1577 solvit,

108 1601 178 1640 magno
189 1600 269 1626 numero
279 1600 374 1626 annorum
384 1587 466 1640 expleto.
491 1587 542 1631 Quae
551 1587 621 1641 Anglis
631 1590 686 1640 parta
695 1585 780 1639 reliquit,
790 1584 828 1637 ipsi
837 1584 889 1623 tueri

108 1645 209 1704 conantur.
238 1641 270 1681 Ad
281 1641 333 1694 quod
349 1655 373 1681 ex
388 1642 460 1695 Anglia
468 1642 527 1682 multi
535 1642 598 1682 indies
612 1642 720 1682 confluunt.
751 1640 789 1680 Sed
799 1638 822 1679 ah
832 1638 888 1678 lber-

107 1711 168 1759 ursan
179 1710 277 1736 summum
291 1696 393 1737 discrimen
408 1697 544 1738 deducuntur:
559 1697 633 1751 aliquot
647 1696 767 1737 munimenta
781 1694 886 1735 amittunt:

107 1766 151 1805 ipsi,
162 1752 193 1792 alii
204 1752 306 1805 capiuntur
314 1751 346 1791 alii
356 1752 493 1792 occiduntur.l

435 2073 492 2113 onP.
508 2070 546 2111 IV.

268 2200 346 2236 Adriani
355 2198 447 2233 Pontificis
456 2197 532 2231 Maximi
539 2197 605 2230 litterae
613 2194 722 2228 referuntur.

108 2300 150 2340 nu
160 2302 205 2339 ante
214 2298 255 2338 haec
265 2297 364 2338 Henricus
375 2295 476 2336 Secundus
493 2293 571 2347 Angliae
585 2305 620 2332 rex
635 2291 657 2330 in
675 2287 785 2330 obtinenda
801 2286 887 2327 iberniae

110 2369 163 2408 spem
181 2353 258 2402 ductus,
273 2351 332 2392 modo
347 2350 448 2391 Pontificis
464 2348 548 2390 Maximi
564 2347 673 2388 authoritas
689 2345 852 2397 interponeretur,
862 2341 887 2381 ab

109 2410 195 2450 Adriano
205 2408 243 2448 Iu.
253 2407 342 2447 Romano
357 2406 451 2446 Pontifice
465 2405 503 2445 hoc
513 2403 613 2444 decretum
628 2400 739 2455 impetravit
749 2398 798 2439 falsa
807 2411 887 2437 narrans

111 2467 205 2518 quantum
215 2477 238 2503 er
247 2463 290 2516 ipso
300 2462 377 2502 decreto
387 2460 456 2513 colligo
466 2476 470 2498 ι

111 2563 221 2598 “Adrianus
240 2561 339 2606 episcopus,
358 2570 418 2593 seruus
438 2568 531 2591 servorum
550 2556 592 2597 Dei,
614 2553 716 2588 charissimo
730 2551 748 2583 in
764 2550 835 2583 (lhristo
850 2549 887 2582 filio

153 2608 221 2642 illustri
232 2607 333 2652 Anglorum
341 2605 386 2650 regi,
393 2604 467 2638 salutem
476 2607 494 2636 et
502 2601 619 2645 apostolicam
626 2597 786 2633 benedictionem.¹¹
799 2617 801 2619 -

131 2689 273 2724 “Laudabilitcr
282 2693 300 2722 et
311 2688 404 2721 fructuose
417 2686 438 2719 de
453 2682 531 2730 glorioso
545 2680 616 2715 nomine
631 2676 747 2724 propagando
761 2675 780 2707 in
793 2674 855 2715 terris,
868 2678 886 2707 et

107 2741 174 2770 aeterno
182 2734 273 2768 felicitatis
281 2733 350 2777 premio
359 2731 464 2766 cumulando
473 2730 492 2762 in
500 2726 552 2761 coelis
567 2730 599 2758 tua
612 2721 744 2767 magnificentia
759 2720 835 2764 cogitat,
847 2730 889 2751 cum

107 2783 129 2816 ad
138 2780 238 2815 dilatandos
252 2778 329 2813 ecolesiae
342 2777 433 2819 terminos,
448 2776 471 2809 ad
485 2771 609 2808 declarandam
620 2768 696 2802 indoctis
705 2771 723 2799 et
731 2765 808 2799 rudibus
817 2764 888 2809 populis

133 2892 185 2925 *The
193 2891 239 2925 facts
247 2890 335 2925 recorded
342 2889 361 2922 in
369 2888 403 2922 this
413 2887 499 2933 Chapter,
509 2897 539 2923 are
547 2889 579 2918 not
587 2883 640 2929 given
647 2882 666 2915 in
673 2882 703 2915 tho
712 2881 766 2914 strict
774 2880 889 2924 chronologi-

109 2937 205 3021 ppnlqrgqqr
231 2937 323 2970 SeeFour
337 2933 543 2977 Masters,A.D.1169.
567 2930 609 2963 Mae
617 2927 732 2973 Gcoghegau
745 2939 764 2972 p.
774 2928 814 2960 252,
836 2925 889 2959 Dub-
