2237 3535
84 392 86 395 ’
103 380 146 408 GAP.
162 369 230 422 xxm]
345 382 435 411 IBERNIAE
450 383 488 411 SUB
503 382 638 410 anxnssurux.

407 534 465 575 GAP.
487 532 566 574 XXIX.

273 644 365 680 Generalis
373 646 423 693 regni
431 651 490 681 status
499 645 577 679 breviter
586 642 701 677 describitur.

101 756 174 796 Ourna
183 758 289 810 tyrannidis
298 759 354 813 hujus
364 762 431 800 eventa
441 759 462 799 in
479 758 564 799 medium
573 755 679 811 producere
689 754 790 796 taediosum
800 754 874 795 fuisset.

100 812 137 852 Per
146 811 229 852 insulam
239 816 299 854 totam
308 819 390 855 aestuosa
404 814 491 868 tyrannis
506 814 581 868 peperit
593 813 694 865 ingentem
703 810 874 865 perturbationem,

100 866 204 908 Catholicis
213 867 351 910 reluctantibus
366 870 498 910 ministrorum
510 868 596 922 imperio,
608 874 628 907 et
642 866 708 919 jussis,
723 865 829 905 doctrinam
844 864 853 904 f
867 890 874 897 -

100 920 203 974 gientibus,
213 924 319 964 mortiferos
335 924 383 965 ritus
400 924 531 965 aversantibus
538 941 545 974 ς
559 921 662 977 aliquando
672 921 772 962 ministros
791 918 874 960 fustibus

100 976 223 1026 caedentibus,
234 981 253 1018 at
266 979 313 1032 ipsis
327 983 392 1028 noctu,
403 983 422 1019 et
438 979 524 1020 interdiu
539 983 631 1019 terrorem
645 976 778 1031 injicientibus
785 992 792 1025 ,·
807 978 874 1015 contra

99 1032 191 1072 ministris
200 1046 241 1073 rem
257 1034 281 1074 ad
298 1035 397 1088 prefectos
413 1034 548 1083 deferentibus,
566 1033 662 1087 praefectis
677 1031 788 1073 Catholieos
802 1030 823 1070 in
833 1044 873 1070 ear-

99 1100 161 1127 cerern
170 1087 305 1142 injicientibus,
315 1088 388 1129 mulcta
398 1089 536 1130 coercentibus.
565 1088 596 1128 Ob
606 1088 644 1128 boe
653 1087 726 1141 regina,
737 1089 757 1127 et
769 1085 810 1139 ejus
827 1099 873 1125 eon-

99 1140 169 1192 siliarii,
189 1146 209 1183 et
221 1144 307 1196 praefecti
324 1144 409 1184 studium
424 1158 488 1192 omne,
503 1147 523 1183 at
538 1143 670 1197 cogitationes
688 1143 710 1182 eb
726 1144 832 1189 verterimt,
852 1144 873 1180 ut

99 1195 179 1237 Ibernos
193 1197 249 1238 bonis
265 1198 375 1251 spoliarent,
393 1199 454 1251 gradu
470 1198 579 1251 dejicerent,
595 1197 636 1237 vita
650 1197 753 1250 privarent.
784 1194 842 1239 Quod
852 1198 872 1235 et

99 1255 143 1292 aute
154 1251 204 1305 saepb
213 1252 290 1293 fuerant
299 1253 368 1301 conati,
379 1254 416 1293 rati
431 1267 473 1293 non
490 1253 543 1293 aliter
552 1251 672 1292 Catliolieani
681 1251 803 1304 Religionem
812 1250 871 1290 luisse

98 1307 254 1360 extinguendam,
265 1307 323 1359 quam
333 1307 421 1347 extinctis
430 1307 461 1347 his
478 1307 591 1359 inquorum
601 1303 712 1358 pectoribus
721 1307 759 1346 alte
768 1304 870 1353 insidebat,

98 1374 133 1401 neo
147 1374 209 1401 novos
225 1375 297 1401 errores
313 1361 444 1410 stabiliendos,
460 1362 532 1401 eisdem
548 1360 611 1409 salvis,
628 1360 661 1413 qui
678 1374 752 1413 semper
768 1374 799 1399 eos
818 1363 872 1400 erant

98 1416 186 1456 execrati.
214 1415 278 1468 Igitur
295 1415 352 1455 multi
371 1415 461 1468 gravibus
480 1416 542 1468 poenis
561 1415 639 1456 coerciti
655 1415 680 1454 ad
694 1415 804 1468 pauperiem
822 1414 872 1454 redi-

97 1473 176 1521 guntur,
186 1470 244 1509 multi
253 1470 289 1510 viri
297 1469 372 1510 nobiles
390 1471 451 1523 eapite
465 1470 582 1524 plectuntur.
612 1469 685 1510 Omnes
695 1469 789 1523 jubentur
798 1468 873 1509 tabulas

97 1523 192 1573 exhibere,
203 1524 273 1576 quibus
283 1528 385 1574 constaret,
396 1539 474 1565 suarum
490 1526 633 1578 possessionum
649 1524 749 1565 dominum
763 1523 816 1564 adse
830 1537 873 1577 pern

97 1579 163 1628 tinere,
174 1583 197 1618 ut
207 1580 245 1631 qut
255 1580 286 1619 aa
300 1580 341 1619 fieri
356 1583 426 1633 posset,
441 1580 499 1621 bonis
515 1579 671 1621 abdicarentur.li
699 1579 758 1624 Quod
768 1579 805 1619 hoc
814 1578 872 1619 modo

96 1632 152 1673 facile
166 1633 207 1673 fieri
216 1647 273 1687 posse
283 1634 390 1684 videbatur,
400 1636 540 1689 complerique
549 1635 616 1675 lberni
625 1634 701 1675 tabulas
713 1650 754 1676 non
763 1632 872 1683 habuerint,

97 1702 159 1741 neque
169 1689 282 1739 curaverint,
293 1704 338 1730 eum
347 1690 419 1730 inerint
428 1704 507 1730 suornm
522 1691 589 1731 finium
605 1703 724 1743 possessores
742 1688 872 1730 dominatione

96 1743 206 1796 Anglorum
215 1744 338 1797 antiquiores.
367 1744 436 1799 Itaque
445 1746 483 1786 toti
492 1746 566 1796 insulae,
577 1749 596 1786 et
602 1745 706 1786 Catholicae
714 1745 760 1786 fidei
769 1744 870 1793 excidium,

96 1800 115 1837 et
124 1798 214 1838 interitus
223 1799 367 1853 impendebant.
387 1800 407 1840 ls
417 1804 458 1841 erat
472 1814 535 1841 rerum
546 1804 613 1849 status,
624 1814 669 1841 eum
678 1800 751 1841 bellum
760 1799 808 1840 illud
817 1813 870 1853 mag-

96 1866 143 1893 num
153 1853 221 1907 oaepitz
237 1854 289 1906 quod
298 1858 320 1894 ut
330 1854 457 1908 auspicemur,
467 1869 520 1896 nunc
530 1859 606 1909 tempus
616 1856 664 1907 estll
878 1864 936 1907 [lli]

119 1969 127 1986 *
139 1967 169 2001 He
177 1968 233 2001 refers
241 1968 284 2002 here
292 1973 311 2002 to
319 1969 349 2002 the
358 1970 489 2014 compositione,
497 1972 567 2017 levying
575 1972 596 2005 of
606 1982 648 2012 cess,
657 1972 688 2005 &a
699 1972 774 2005 affected
781 1972 799 2004 in
807 1970 870 2004 Ulster

96 2012 117 2056 by
126 2012 207 2053 Perrott,
217 2014 266 2053 1584,
276 2014 325 2050 1587.
345 2015 377 2047 See
385 2015 415 2048 the
423 2016 500 2060 original
509 2017 612 2051 documents
621 2016 649 2050 for
659 2017 767 2061 Gonnaught
775 2016 793 2049 in
802 2015 869 2051 Hordi-

96 2059 150 2091 man's
159 2058 210 2092 Wast
219 2058 332 2104 Gonnaught‚
340 2071 357 2104 p.
366 2062 404 2095 309.
