2237 3535
109 424 151 452 cnr.
167 410 196 462 1.]
329 425 440 453 unnnrrcn
453 425 579 453 rrnauurors
594 425 673 452 suntin.
853 417 877 455 19

108 534 188 560 numero
198 521 233 561 hos
243 534 279 574 ego
295 521 317 562 in
326 522 420 575 presentia
434 523 526 563 memorit
535 525 598 571 teneo,
609 522 633 562 de
643 535 725 575 quorum
735 522 831 576 aliquibus
841 525 880 565 suis

108 575 155 616 locis
162 575 223 616 tisias
234 590 295 629 agam.
325 577 383 618 Nunc
398 577 468 631 quibus
476 577 561 631 judiciis,
572 580 629 630 atque
636 577 728 618 ministris
735 579 756 619 in
766 578 881 620 Ibernorum

108 630 211 684 perniciem
217 631 279 685 Angli
287 634 371 683 utantur,
379 633 481 684 dicamusss
887 634 934 679 [ru.

372 809 609 816 Ἤ

437 930 497 972 CAP.
513 930 537 971 V.

132 1041 201 1080 Quibus
214 1041 291 1084 judiciis,
300 1046 318 1075 et
325 1042 409 1076 ministris
423 1046 500 1121 utantupi
505 1044 560 1089 Angli
571 1044 590 1078 in
602 1045 674 1079 Ibernia
685 1045 704 1078 in
721 1046 856 1084 Catholicorum

444 1099 482 1121 exer
501 1094 547 1122 um?

108 1174 189 1216 Carano
209 1174 328 1215 celebrantur
349 1174 419 1228 Anglis
428 1175 450 1214 in
468 1173 546 1215 Ibernia
563 1182 674 1224 conventus,
689 1177 719 1217 vel
733 1179 819 1229 concilia,
831 1192 878 1233 quas

109 1230 146 1284 ipsi
155 1234 225 1270 vocant
238 1230 341 1270 Sessiones.
369 1229 442 1270 Earum
450 1228 488 1268 duo
496 1243 566 1281 genera
574 1234 631 1271 sunt:
647 1230 716 1280 alterae,
727 1245 770 1285 quae
779 1235 877 1287 generales

108 1288 249 1337 nuncupantur,
261 1284 321 1324 bisin
331 1298 380 1324 anno
390 1284 411 1323 111
425 1282 506 1322 urbibus
515 1283 626 1336 majoribus,
636 1283 799 1340 nobilioribusque
806 1304 877 1343 cogun-

107 1345 145 1381 tur.
175 1339 226 1384 Quia
244 1339 289 1379 verb
298 1339 320 1378 in
329 1339 359 1378 his
368 1351 404 1377 nec
417 1336 506 1377 derebus
517 1337 612 1387 omnibus,
622 1353 658 1378 nec
668 1339 691 1378 de
705 1340 786 1393 singulis
792 1346 877 1395 personis

106 1395 200 1449 judicium
207 1393 262 1433 reddi
272 1396 341 1446 potest,
348 1392 411 1432 alterae
420 1391 525 1431 trimestres
534 1393 638 1433 nominata
655 1397 721 1445 quater
728 1396 817 1437 omnibus
825 1400 878 1439 annis

108 1451 129 1490 in
137 1449 216 1502 singulis
223 1447 341 1500 totinsregni
348 1445 443 1495 tribubus,
450 1458 493 1498 quae
498 1447 569 1500 Anglis
574 1448 675 1488 comitatus
680 1454 778 1499 vocantur,
785 1451 879 1494 habentur

109 1504 195 1557 Oquhm
211 1501 319 1555 squalidam
337 1505 390 1551 tunc,
408 1504 427 1540 et
443 1500 544 1553 lugubrem
559 1503 701 1543 rernmiaciem
710 1507 840 1559 conspiceres!
856 1509 880 1548 de

108 1557 293 1611 viristanrplissimis,
301 1557 324 1596 de
334 1555 493 1596 constantissimis
503 1556 613 1611 quibusque
625 1558 728 1599 Catholicis
738 1566 807 1614 praeter
824 1577 880 1604 omne

108 1613 232 1654 humanitatis
242 1612 356 1665 exemplum,
362 1614 429 1651 contra
436 1614 514 1652 cunctas
522 1613 691 1653 sacratissimarum
697 1614 763 1668 legum
772 1618 880 1659 sanctiones

108 1669 171 1722 agitur
177 1668 200 1707 eat
208 1666 304 1720 praecipue
322 1667 384 1715 causat,
395 1665 447 1719 quod
457 1666 526 1707 nolunt
536 1667 611 1708 deserta
620 1668 718 1709 Catholicis
726 1670 825 1724 religione,
832 1673 879 1727 dog-

111 1723 194 1765 matibus
203 1722 337 1762 haereticorum
347 1720 471 1761 subscribere.

135 1778 233 1831 Frequens
243 1780 272 1817 est
282 1777 339 1817 etiam
349 1775 418 1829 Anglis
426 1776 447 1816 111
455 1776 484 1816 his
495 1776 616 1818 Sessionibus
626 1778 722 1832 quoddam
729 1780 798 1834 judicii
810 1797 877 1835 genus,

108 1834 159 1888 quod
167 1834 205 1886 ipsi
214 1832 340 1885 quaestionem
349 1835 424 1872 uocant.
453 1831 516 1885 quue
525 1833 578 1872 hunc
586 1834 608 1873 in
616 1834 696 1874 modum
702 1840 811 1889 usurpatur,
820 1837 878 1881 Quae-

107 1890 161 1938 ritur,
172 1888 231 1928 sitne
247 1887 349 1940 Philippus
364 1900 404 1940 mg.
420 1886 524 1936 homicidii,
532 1888 586 1937 furti,
601 1889 631 1929 vel
640 1889 690 1929 laesae
699 1891 804 1944 majestatis
818 1894 877 1933 reus?

108 1945 156 1985 Haec
167 1957 223 1983 causa
232 1942 277 1981 uiris
288 1941 389 1981 duodecim
406 1940 511 1981 dirimenda
526 1943 657 1993 committitur,
669 1945 702 1997 qui
718 1945 793 1999 legibus
803 1948 877 2001 Anglo-

107 2014 150 2040 rum
166 1997 248 2038 debeant
265 2011 304 2036 esse
322 1997 434 2048 municipes,
451 1996 482 2035 vel
499 1997 556 2046 ciues,
571 1998 641 2051 viginti
651 1999 718 2039 saltem
728 2003 803 2054 argenti
818 2002 877 2044 libras

106 2053 209 2107 vectigales
219 2051 318 2100 habentes,
329 2066 364 2091 uec
372 2050 443 2103 dispari
453 2051 564 2092 conditione
574 2066 618 2093 cum
628 2067 666 2102 reo,
677 2068 702 2093 ne
710 2055 732 2095 in
742 2056 836 2097 nobilium
847 2073 877 2098 ca-

107 2115 143 2163 put
150 2108 213 2163 plebei
222 2107 380 2147 animadvertant.
410 2105 451 2145 Illis
461 2110 546 2158 potestas
553 2108 693 2159 pronunciandi
703 2110 825 2151 deliberative
833 2116 876 2153 tan-

107 2166 155 2214 turn,
166 2165 191 2204 sit
200 2176 225 2203 111
234 2162 337 2216 Philippus
352 2160 445 2215 propositi
460 2161 544 2201 criminis
558 2176 607 2211 reus,
624 2163 755 2205 demandatur.
786 2166 876 2209 Facultas

107 2223 171 2261 antem
182 2216 264 2258 ferendae
272 2217 388 2271 judicialiter
399 2216 498 2256 sententiae
508 2216 597 2257 haeretico
606 2218 667 2271 judici
682 2223 794 2261 reservatur.
815 2221 876 2276 Cujus

105 2275 173 2329 judieii
183 2275 244 2314 torma
253 2272 311 2313 hodie
320 2271 344 2312 ab
354 2270 424 2325 Anglis
434 2270 500 2311 saltem
509 2271 531 2311 in
541 2271 619 2312 ibernia
634 2278 722 2326 corrupta
736 2279 777 2315 est:
792 2291 875 2330 namque

106 2335 146 2370 tam
156 2329 200 2368 uiris
210 2327 313 2367 duodecim
331 2327 388 2380 quam
401 2325 462 2379 judici
474 2326 507 2379 jus
524 2326 645 2378 discutiendi,
657 2332 675 2368 et
685 2331 805 2371 examinandi
814 2331 874 2383 litem,

107 2385 184 2437 verique
199 2381 305 2435 indagandi
320 2387 412 2435 negatur:
428 2380 472 2420 cum
482 2395 526 2421 reus
540 2381 573 2435 (de
588 2381 658 2424 Iberno
673 2384 747 2437 loquor)
765 2399 800 2425 nec
817 2391 875 2429 testes

106 2440 216 2494 producere,
226 2451 262 2477 nec
271 2438 377 2490 patrocinio
387 2435 482 2484 causidici,
493 2436 523 2476 rel
530 2437 636 2491 jurisperiti
646 2438 735 2492 adjuvari,
742 2454 778 2480 nec
786 2454 822 2493 ope
830 2457 875 2495 pro-

107 2494 199 2536 curatoris
208 2492 239 2532 uti
248 2493 320 2545 possit:
338 2496 357 2532 et
369 2494 432 2532 actore
446 2490 522 2530 tautum
538 2497 645 2543 accusante,
660 2493 691 2533 vel
700 2509 738 2534 uno
747 2499 803 2544 teste,
817 2499 874 2539 etiarn

106 2550 190 2598 inimico,
199 2548 230 2588 uel
240 2551 337 2600 corrupto,
347 2545 451 2599 incognito,
466 2549 485 2584 et
494 2545 562 2586 infami
572 2547 597 2586 sit
606 2547 713 2601 Anglorum
723 2564 775 2589 more
783 2550 875 2593 damnau-

107 2605 148 2645 dus.
177 2605 272 2644 Praeterea
282 2602 383 2643 duodecim
391 2601 428 2640 riri
436 2601 457 2640 in
466 2600 551 2641 conclavi
560 2601 620 2642 clausi
628 2617 668 2643 non
681 2604 734 2656 prius
744 2605 874 2658 dimittuntur,

105 2664 140 2701 aut
149 2659 213 2700 cibum
224 2660 264 2699 sive
274 2661 342 2711 potum
352 2670 418 2711 capere
428 2659 514 2709 possunt,
530 2656 587 2708 quam
596 2657 646 2697 inter
656 2672 720 2698 omnes
730 2661 827 2712 convenit,
838 2664 876 2705 nisi

107 2730 151 2755 cum
161 2714 257 2755 haereticis
267 2712 385 2765 indulgetur,
396 2725 440 2751 cum
450 2710 519 2763 quibus
529 2710 607 2750 minime
620 2713 708 2752 convenit
718 2713 800 2765 Ibernis,
815 2732 875 2770 quan.

107 2770 131 2810 do
142 2770 199 2810 simul
208 2770 313 2810 miscentur
323 2782 399 2808 causam
409 2765 502 2806 Catholici
512 2765 535 2805 de
543 2766 609 2818 capite,
618 2767 647 2806 vel
657 2767 739 2809 fortunis
748 2772 875 2823 periclitantis

104 2824 214 2876 judicaturi.
252 2824 308 2864 Tunc
325 2823 374 2863 enim
390 2824 493 2872 conventu
501 2820 586 2869 dimissu,
596 2820 690 2862 Catholici
703 2824 829 2877 mulctantur,
839 2844 875 2870 nec

106 2882 152 2918 tunc
168 2880 251 2929 tantum,
267 2879 301 2919 sed
318 2878 375 2918 etiam
392 2874 509 2925 creberrime,
520 2876 563 2915 crim
575 2889 629 2915 reum
639 2881 707 2930 prater
716 2880 797 2934 Anglici
805 2883 875 2936 judicis

105 2933 224 2980 uoluntatem
234 2934 332 2975 communi
342 2931 414 2974 calculo
430 2930 536 2971 absolvunt.
566 2929 618 2971 Huic
632 2931 704 2985 judicio
719 2934 814 2978 Catholici
831 2954 875 2980 curn

105 2987 239 3039 subjiciuntur,
251 2989 333 3029 callidus
342 2986 445 3029 hacreticus
455 2985 525 3025 talibus
535 2984 597 3026 verbis
604 2986 776 3042 interrogationem
784 2995 874 3048 concipit,
