2174 3535
218 390 258 428 302
367 388 502 428 o'sunnnvmui
513 401 615 429 nrsuonnu
631 404 756 440 oarnourom,
770 403 817 431 roua.
833 403 861 430 iv.
913 389 962 439 [nra.
978 402 993 430 1.

217 496 313 537 Catholici
329 496 382 552 large
399 497 553 552 suppeditabant,
571 499 667 539 scntentit
683 500 783 541 damnatos
800 501 851 540 visit
887 499 936 543 Quae
947 513 993 539 cnm

217 553 329 606 episcopum
339 553 363 594 de
373 553 482 595 valetudiue
492 554 625 603 sciscitaretur,
635 554 663 594 ita
672 553 704 594 ille
713 555 787 595 affaun.

245 608 306 648 “His
316 608 377 648 decim
387 609 442 649 annis
454 609 510 661 (mihi
519 609 574 649 crede
583 608 630 662 filia)
641 621 741 662 uunquam
751 610 819 649 melius
831 609 897 660 habui,
908 623 941 650 seu
951 623 992 649 cor-

216 664 268 716 poris
285 663 349 712 robur,
366 677 400 703 seu
414 663 474 703 animi
489 663 582 716 gaudium
598 663 739 717 contempleris.
769 662 793 703 Id
810 679 871 705 unum
885 664 992 706 mihicurae

216 719 304 758 maximae
321 731 373 758 nunc
389 721 424 767 est,
440 721 463 757 nt
478 718 568 771 dignetur
581 718 636 759 Deus
645 732 676 759 me
686 718 751 772 potius
760 717 781 757 in
791 732 845 760 suam
860 721 953 761 caelestem
963 733 991 758 re-

216 773 273 826 giam,
291 775 311 812 et
327 786 385 813 suum
401 772 489 813 divinum
504 777 628 826 conspectum
638 774 674 813 htc
683 772 768 826 martyrii
779 773 894 825 11111111,
905 789 962 829 quam
971 774 992 814 in

215 829 252 868 hoc
268 841 343 868 carcere
360 828 412 868 senio
423 828 497 878 confici,
513 832 532 869 et
541 832 636 869 vetustate
647 828 730 869 dissolvi.
759 827 790 867 Tu
800 828 878 880 quidem
887 830 925 870 filia
934 830 992 870 bene-

214 883 256 923 ficia
266 881 334 932 multa,
344 886 363 923 et
373 883 478 936 singularia
486 884 507 924 in
517 898 548 924 me
557 883 663 929 contulisti,
673 898 708 937 pro
718 882 788 936 quibus
797 881 858 923 habeo
868 885 905 925 tibi
914 885 991 938 gratias,

215 941 234 978 ct
242 938 333 978 referrem
341 939 405 987 etiam,
415 938 433 978 si
441 952 530 992 possem:
540 938 641 992 praemium
651 938 715 979 Deum
725 938 814 978 daturum
822 938 868 979 scio.
883 940 909 980 111
916 954 992 993 quoque

215 993 288 1033 caeteris
298 994 337 1033 tuis
347 1007 393 1047 erga
401 1006 433 1033 me
442 993 516 1034 meritis
526 993 590 1043 addas,
601 1008 641 1043 oro,
651 997 674 1034 ut
684 1007 728 1034 cum
744 993 856 1033 interfectus
865 994 919 1035 fuero
932 995 992 1048 (quod

214 1048 262 1088 faxit
272 1048 326 1088 Deus
335 1048 363 1088 ita
373 1047 458 1102 eveniat)
468 1049 490 1089 in
499 1049 536 1089 hoc
553 1048 693 1101 (Franciscanae
708 1048 806 1101 religionis
815 1048 952 1089 vestimentum
962 1064 992 1090 os-

213 1102 312 1155 tendebat)
329 1117 360 1143 mc
377 1103 441 1153 condi,
456 1107 476 1143 et
486 1103 563 1156 sepeliri
573 1118 634 1144 cures.
663 1103 727 1144 Pluris
741 1103 779 1143 hoc
789 1111 863 1156 sagum,
874 1104 926 1157 quod
935 1104 991 1145 viridi

214 1172 254 1199 aevo
265 1158 341 1212 suscepi
348 1158 423 1199 cunctis
432 1158 542 1212 insignibus
551 1157 697 1213 episcopalibus,
713 1162 732 1198 et
742 1157 831 1198 omnibus
841 1159 935 1212 majorum
944 1160 991 1200 ima-

215 1213 294 1266 ginibus
303 1213 373 1253 facio.''
531 1218 534 1225 ‘

242 1267 293 1308 Cum
302 1268 330 1309 ita
340 1268 401 1309 sancti
411 1268 476 1309 animo
485 1268 566 1308 firmiter
576 1268 721 1309 constituissent
734 1282 770 1322 pro
780 1267 851 1308 Christi
860 1267 919 1308 vitam
930 1272 991 1310 morte

214 1326 338 1373 commutare,
356 1324 444 1365 diabolus
460 1323 542 1377 vigilans
557 1323 638 1364 humani
653 1323 727 1376 generis
742 1323 803 1363 hostis
818 1322 895 1363 nullum
908 1323 991 1378 lapidem

213 1393 252 1419 non
263 1379 329 1428 morit,
340 1382 363 1418 ut
373 1393 404 1419 eos
422 1394 433 1419 a
449 1382 490 1419 tam
506 1378 698 1419 honorificentissimo
715 1383 787 1418 conatu
803 1378 905 1432 dejiceret:
919 1379 992 1420 frustra

214 1437 292 1474 tamen:
308 1434 402 1487 siquidem
411 1433 466 1474 Deus
480 1433 594 1483 decreverat,
610 1439 634 1474 ut
653 1446 691 1486 quo
707 1433 839 1474 vehementior
854 1437 904 1473 esset
919 1433 991 1474 diaboli

214 1488 319 1538 contentio,
329 1488 351 1528 eb
361 1489 411 1529 foret
428 1492 532 1542 martyrum
547 1488 628 1529 uictoria
641 1488 748 1542 gloriosior.
775 1488 846 1541 Itaque
855 1502 923 1542 prorex
933 1503 991 1542 quarn

214 1543 368 1596 frequentissime
383 1544 446 1584 missis
461 1543 559 1583 interdum
576 1545 616 1583 suis
633 1543 751 1592 consiliariis,
770 1543 868 1583 interdum
888 1544 929 1584 aliis
944 1544 991 1584 viris

214 1598 332 1652 gravissimis
348 1598 450 1651 pollicetur
471 1597 603 1638 condemnatis
620 1599 685 1648 vitam,
702 1602 789 1638 reatuum
803 1599 884 1648 veniam,
900 1599 991 1639 alienon

215 1653 284 1706 exigua
293 1653 378 1706 praemia,
388 1653 494 1706 praesertim
503 1652 584 1693 Praesuli
591 1653 726 1706 Episcopatus
734 1666 783 1706 quos
789 1652 901 1693 babuerata
911 1653 990 1694 Summo

213 1708 313 1757 Pontifice,
325 1712 344 1748 et
353 1708 447 1748 sacerdoti
457 1708 606 1748 ecclesiasticum
625 1708 739 1748 beneficium
748 1707 926 1760 locupletissimum,
937 1723 990 1761 mag-

213 1777 277 1816 noque
287 1777 362 1816 semper
371 1777 403 1802 eos
413 1762 466 1816 apud
475 1776 545 1815 regem,
553 1767 572 1802 et
582 1763 647 1816 ipsum
653 1763 675 1802 in
684 1763 757 1802 honore
763 1762 838 1803 futuros
845 1764 867 1803 11
875 1763 989 1814 conditione,

213 1822 235 1858 ut
245 1817 367 1858 aOatholicae
377 1817 474 1867 Ecclesiae,
485 1821 505 1857 et
515 1816 597 1858 Romani
604 1817 704 1858 Pontificio
710 1817 789 1870 imperio
797 1817 923 1858 desciscentes
933 1823 990 1859 sectae

214 1873 273 1926 regiae
283 1872 410 1921 subscribant,
421 1886 487 1925 regem
496 1886 537 1912 esse
553 1872 638 1913 ecclesiae
653 1876 717 1925 eaput,
734 1876 753 1912 et
769 1872 876 1926 principem
885 1873 907 1912 in
916 1873 991 1926 Magnt

212 1928 329 1977 Brittannit,
344 1931 364 1968 et
380 1927 464 1976 Ibernia,
480 1940 539 1980 seque
552 1926 582 1967 illi
598 1928 639 1967 fore
655 1927 720 1967 fideles
735 1927 860 1981 jurejurando
870 1928 989 1969 confirment.

213 1983 322 2037 Episcopus
331 1997 446 2036 responsum
459 1981 549 2036 praebuit,
560 1986 573 2003 “
580 1981 650 2036 Longe
659 1982 750 2035 majorem
756 1982 857 2032 inscitiam,
868 1987 887 2023 et
897 1982 989 2024 stolidita-

212 2043 252 2079 tem
262 2052 303 2079 esse
319 2038 356 2078 sibi
372 2038 413 2078 seni
430 2038 529 2091 octoginta
545 2037 620 2078 circiter
636 2051 697 2077 annos
713 2041 759 2078 nato
775 2037 860 2087 suadere,
871 2042 894 2078 ut
909 2043 989 2092 propter

212 2093 344 2134 brevissimam
359 2092 422 2133 labilis
437 2093 483 2133 vitae
492 2092 611 2146 voluptatem
620 2095 722 2146 perpetuas
737 2106 803 2145 paenas
812 2094 920 2142 sustineret,
931 2108 990 2147 quam

212 2148 306 2189 Eleazaro
313 2148 354 2188 seni
361 2147 487 2197 consuluisse,
496 2151 519 2188 ut
528 2151 606 2201 propter
616 2147 724 2188 evitandam
734 2151 821 2197 mortem,
830 2148 905 2188 suillam
913 2163 989 2189 carnem

213 2203 311 2244 comedere
321 2202 440 2243 simularet.”
470 2202 496 2243 Iu
512 2202 592 2243 eandem
605 2203 720 2243 sententiam
734 2202 821 2243 sacerdos
830 2204 872 2243 ivit.
902 2203 989 2257 Cumque

213 2259 375 2311 disiungerentur,
393 2257 445 2310 quod
462 2259 531 2298 matut
547 2258 678 2298 exhortatione
696 2257 766 2310 privati
784 2258 860 2298 facilius
878 2262 938 2308 metu,
958 2259 989 2299 vel

212 2314 296 2367 praemiis
312 2313 401 2354 vincendi
416 2312 533 2362 viderentur,
550 2326 651 2365 nunquam
669 2316 734 2352 tamen
753 2327 764 2352 a
782 2313 863 2367 pristint
882 2314 989 2354 constantit

213 2369 347 2409 discesserunt.

240 2423 306 2477 Igitur
320 2422 404 2462 haerctioi
419 2436 453 2476 spe
468 2422 566 2463 avertendi
581 2435 614 2462 eos
630 2436 641 2461 a
657 2421 704 2462 Fide
721 2422 819 2462 Catholict
833 2422 927 2473 destituti,
944 2438 988 2477 pro-

212 2485 281 2532 perant
291 2478 315 2518 ad
325 2477 425 2518 seutentiae
434 2477 572 2518 executionem.
601 2476 703 2517 Destinatb
719 2476 749 2517 die
763 2481 844 2518 tortores
855 2477 987 2519 desideraban-

212 2540 250 2574 tur.
279 2532 370 2586 Namque
379 2531 469 2585 publicns
485 2532 538 2573 urbis
548 2531 639 2581 carnifex,
651 2532 684 2584 qui
693 2531 775 2571 Ibernns
785 2538 831 2581 erat,
841 2534 922 2586 fugerat,
932 2548 958 2573 nc
968 2548 988 2574 se

212 2602 310 2629 sacrorum
319 2588 403 2628 virorum
419 2587 524 2628 laniatione
538 2588 655 2642 inquinaret.
683 2586 726 2626 Nec
743 2588 817 2627 cntott
826 2588 916 2628 iberniet
930 2592 988 2641 gente

145 2661 204 2703 [234]
212 2648 299 2698 repertus
309 2646 338 2683 est
347 2643 405 2691 ullus,
417 2656 475 2696 quem
484 2642 515 2682 vel
530 2643 593 2692 minae,
604 2642 634 2682 vel
650 2642 731 2693 metuat}
747 2641 776 2682 vel
791 2643 870 2695 praemia
882 2646 987 2693 moverent,

212 2704 234 2739 ut
244 2699 264 2739 in
275 2702 351 2739 sanctos
361 2697 462 2751 sacrilegas
477 2711 545 2738 manns
554 2698 648 2751 injiceret.
677 2696 807 2740 Quamobrem
816 2697 942 2738 deliberatum
951 2702 986 2748 est,

212 2753 309 2806 utAnglo
318 2753 425 2793 facinoroso
442 2756 521 2806 propter
537 2751 663 2793 homicidium
678 2766 751 2793 carcere
768 2751 852 2801 detento,
864 2753 987 2804 quisenten-

212 2810 259 2850 tiam
269 2808 377 2848 executioni
386 2808 491 2856 mandaret,
501 2809 557 2849 venia
573 2806 659 2848 criminis
669 2807 809 2855 concederetur,
820 2811 839 2846 et
848 2821 904 2860 paena
912 2809 986 2858 mortis,

213 2863 327 2918 qutdebuit
337 2863 400 2916 plecti,
410 2863 545 2903 remitteretur.
575 2862 626 2903 cnm
642 2861 678 2903 hoc
693 2866 809 2903 armatorum
825 2864 897 2916 magud
911 2865 987 2904 catervt

212 2920 271 2959 miset
279 2918 374 2972 praesidio,
384 2932 408 2958 ne
418 2917 488 2971 vulgus
498 2919 592 2959 innocuos
601 2916 623 2957 iu
631 2915 739 2958 libertatem
749 2916 859 2967 uindicaret,
870 2933 914 2959 oum
924 2933 987 2960 carros

212 2974 236 3015 ad
246 2974 325 3016 carceris
335 2974 406 3015 ostium
417 2973 502 3023 dixisset,
514 2986 583 3026 eosque
590 2971 690 3014 Cornelius
698 2972 758 3014 oculis
765 2971 870 3023 lustrasset,
878 2977 985 3028 “magnus,
