2237 3535
130 369 172 395 car.
189 355 219 407 nl
258 370 285 397 nn
300 371 396 401 auaruon
410 374 481 403 erarius
496 375 683 403 rnnsuourronrans
698 375 789 402 annonis.
860 365 899 403 281

127 468 185 518 atque
196 465 326 509 defensoribus
336 471 409 524 rejectis
424 477 443 513 et
457 473 582 521 labefactatis
593 475 613 511 ct
622 470 790 525 impugnatoribus
800 470 871 521 accitis,
881 473 901 513 in

127 520 270 563 Catholicorum
280 525 357 566 sedibus
367 527 466 569 haereticos
477 528 545 569 statuit
555 526 655 568 collocare,
685 526 754 580 Itaque
763 526 850 579 ingentia
859 530 901 567 tum

126 574 241 628 huglorum,
251 582 293 619 tum
303 580 404 622 Scotorum
413 584 501 624 examina
510 580 592 623 ductura
599 581 683 622 colonias
691 582 790 623 lberniam
799 580 901 631 inundant,

126 630 197 692 quibus
206 633 247 686 agri
256 641 275 674 et
285 636 388 690 municipia
404 637 507 679 Catholicis
524 637 639 691 abjudicata,
654 637 795 691 adjudicantur.
823 636 901 676 Posses-

125 699 189 726 siones
199 691 256 741 atque
266 689 347 731 ditiones
357 691 442 744 O’Nelh,
453 693 562 742 O’Donelli‚
573 691 697 733 O’Snllevaui
707 692 781 741 Bearri,
793 690 899 740 O'huarka

126 740 263 794 O'Conehuris,
281 745 383 796 O’hlorrae,
400 747 446 789 Mac
462 749 551 797 Malruni,
571 748 616 788 Mac
635 748 717 797 Guieris,
733 747 779 788 Mae
798 746 899 795 Williami,

124 796 200 837 comitis
209 798 318 841 Desmoniae
328 807 346 841 et
356 802 442 853 aliorum,
453 805 486 857 qui
495 818 529 857 pro
539 803 576 844 fide
586 804 660 843 tuendt
669 802 799 856 superioribus
809 800 871 851 bellis,
879 816 900 842 se

123 851 237 894 fortissimos
247 859 302 908 atquc
318 858 480 899 constantissimos
496 862 600 912 gesserant,
610 858 661 898 inter
670 858 769 898 haereticos
779 856 899 897 distribuun-

123 911 161 946 tur·
191 907 292 953 Quomodo
303 926 347 952 cum
356 912 450 954 Ibernicae
460 918 479 954 et
489 914 591 954 Catholicae
605 913 694 953 factionis
708 912 829 967 principibus
838 912 898 953 fuisse

123 968 193 1012 actum,
204 978 240 1018 ego
249 966 325 1018 quidem
335 982 375 1007 non
384 968 448 1018 miror,
458 983 502 1009 cnm
512 969 568 1009 etiam
578 968 646 1009 Iberni
654 968 743 1008 factionis
755 968 844 1021 Anglioae
853 968 898 1008 nul-

121 1016 160 1057 lam
177 1018 296 1062 clementiam
311 1022 333 1061 in
347 1022 501 1064 Protestantibus
516 1023 640 1077 comperiant.
669 1022 759 1076 Namque
778 1023 799 1062 hi
818 1036 897 1076 quoque

121 1072 202 1123 tabulas,
218 1076 249 1116 uel
263 1076 341 1130 publica
357 1078 472 1128 testimonia,
490 1078 559 1131 quibus
575 1078 633 1118 fidem
649 1078 720 1119 faciant
736 1077 865 1131 vectigalium,
876 1082 896 1117 et

121 1143 198 1169 suarum
214 1145 277 1172 rerum
294 1132 401 1172 dominium
417 1133 442 1172 ad
451 1147 471 1173 se
481 1133 580 1186 pertinere,
588 1132 682 1186 jubentur
691 1132 787 1173 exhibere.
816 1132 894 1176 Quibus

120 1183 191 1224 tabulae
201 1186 275 1235 desunt,
286 1187 317 1227 his
326 1201 362 1227 nec
378 1187 414 1227 mvi
429 1187 537 1241 longissimi
546 1187 671 1240 praescriptio,
681 1202 717 1228 nec
726 1187 821 1241 possessio
831 1187 894 1228 horni-

120 1252 167 1278 num
183 1242 280 1291 memoria,
296 1244 316 1281 et
331 1242 417 1294 ipsorum
433 1243 491 1282 etiarn
507 1242 616 1295 Anglorum
633 1242 799 1282 dominationem
815 1241 894 1283 Ibernio

119 1294 217 1348 antiquior
231 1310 267 1336 nec
283 1296 419 1336 chronicorum
434 1297 540 1337 authoritas
556 1296 641 1350 prodest.
670 1296 747 1340 Quibus
762 1296 833 1337 tabulae
843 1298 892 1350 jure,

119 1349 340 1404 legitimtqneperfectae
350 1354 421 1400 extant,
439 1365 470 1391 eas
479 1351 570 1391 trecentis
579 1351 685 1400 fraudibus,
695 1352 748 1392 mille
758 1351 820 1391 modis
829 1352 893 1392 irritas

119 1404 316 1445 facereProtestantes
326 1405 472 1446 machinantur:
484 1410 503 1446 et
508 1420 530 1445 eo
537 1405 606 1454 colore,
615 1406 668 1458 quod
676 1405 747 1446 tabulae
757 1406 797 1445 sint
805 1406 893 1456 infirmae,

119 1459 227 1500 Oatholicos
242 1459 385 1500 haereditatibus
402 1461 491 1513 spoliant,
505 1460 536 1500 vel
545 1460 570 1500 ad
579 1474 610 1499 eas
620 1460 681 1512 pretio
690 1460 810 1500 redimendas
820 1467 894 1513 cogunt

117 1515 173 1554 factis
183 1514 224 1555 aliis
234 1515 367 1555 instrumentis
377 1515 516 1564 infirmissimis,
527 1519 547 1554 et
555 1514 704 1563 invalidissimis,
715 1519 749 1555 aut
759 1529 782 1555 ex
792 1514 893 1556 uberrimis

117 1570 168 1622 agris
177 1570 308 1610 amoenissimis
318 1569 374 1619 uillis,
384 1569 481 1610 letissimis
495 1569 611 1615 nemoribus,
622 1570 734 1610 fluminibus
742 1570 893 1623 jucundissimis,

117 1624 216 1665 ditissimis
225 1625 347 1665 metallorum
356 1625 409 1664 venis
418 1626 440 1665 in
449 1625 514 1665 inania
526 1625 610 1677 regionis
626 1625 699 1665 deserta
709 1630 728 1665 et
737 1626 816 1678 ingente
826 1625 893 1666 solitu-

117 1679 161 1720 dine
170 1684 225 1720 vasta
234 1679 326 1733 relegant,
336 1678 367 1720 vel
376 1683 417 1720 toto
425 1694 485 1733 regno
494 1680 598 1733 depellunt.
623 1679 704 1720 Constat
714 1680 778 1729 etiam,
789 1680 893 1721 nonnullos

115 1735 263 1788 protestantium
272 1736 293 1775 in
303 1749 345 1775 earn
355 1735 469 1775 sententiam
479 1749 518 1775 esse
528 1735 609 1783 locutos,
615 1738 639 1774 ut
646 1735 726 1775 lbernos
736 1749 802 1775 omnes
811 1739 891 1786 veteres,

116 1793 135 1829 et
144 1804 205 1831 novos
214 1793 255 1830 toto
265 1804 325 1843 regno
336 1790 417 1843 ejiciant.
450 1790 507 1834 Quod
524 1789 652 1843 proculdubio
662 1791 757 1838 fecissent,
767 1790 805 1830 nisi
814 1790 890 1831 timuis-

115 1849 158 1885 sent
168 1860 189 1886 se
197 1846 218 1885 id
227 1859 267 1885 non
277 1846 337 1885 fuisse
353 1845 479 1897 praestituros,
495 1845 539 1884 cum
556 1844 608 1897 quod
621 1845 685 1884 valent
701 1844 800 1893 molestiae,
813 1845 890 1898 iujuriae

115 1899 186 1950 damni,
197 1900 274 1941 excidiis
283 1900 321 1939 illis
331 1900 400 1939 inferre
409 1898 488 1939 minime
498 1899 651 1952 praetermittant.
681 1899 757 1943 Quibus
766 1900 889 1952 potissimum

113 1956 177 1995 nervis
194 1956 298 2008 superiores
315 1953 391 2007 Angliae
406 1968 461 2007 reges
476 1953 499 1993 ad
517 1953 651 1994 lbernicorum
667 1968 734 2007 genus,
748 1958 768 1993 et
784 1954 888 1996 factionem

113 2010 247 2062 extirpandum
263 2013 309 2049 sunt
325 2009 361 2057 usi,
372 2008 448 2049 eosdem
464 2008 548 2048 Jacobus
564 2009 591 2048 in·
600 2008 731 2049 uniuersorum
743 2008 887 2051 Catholioorum

113 2066 213 2117 utriusque
228 2064 308 2119 generis,
325 2067 344 2103 et
357 2063 446 2103 factionis
455 2063 558 2116 perniciem
567 2067 654 2116 usurpat.
684 2064 777 2116 Superius
786 2063 829 2104 :fuse
839 2066 886 2106 satis

112 2120 239 2173 explicuimus
253 2119 305 2160 illam
321 2119 389 2171 legem
399 2118 422 2158 de
437 2118 481 2172 jure
495 2118 612 2171 municipali,
622 2118 653 2158 vel
669 2118 751 2158 civitatis
770 2118 795 2158 ab
813 2120 885 2172 Anglis

111 2174 189 2228 regibus
198 2175 339 2225 introductamll
352 2186 389 2226 qua
398 2178 471 2213 ueteres
485 2172 552 2213 Iberni
565 2182 609 2213 suas
619 2172 671 2226 leges
681 2174 780 2226 antiquare
789 2173 883 2225 nolentes,
892 2193 951 2237 [alt]

111 2235 131 2269 et
146 2230 193 2270 novi
208 2235 294 2272 ueterum
310 2229 369 2282 leges,
392 2241 503 2282 moremque
524 2228 643 2281 recipientes,
660 2242 761 2268 munerum
784 2228 884 2282 incapaces

110 2284 239 2326 reddebantur
255 2284 335 2339 perinde
345 2298 366 2324 ac
381 2283 397 2323 si
406 2283 497 2337 hospites,
507 2286 526 2323 et
536 2283 648 2336 alienigenae
658 2287 732 2323 essent:
748 2286 767 2323 et
776 2283 791 2322 ii
800 2286 884 2335 tantum,

110 2341 144 2393 qui
158 2340 269 2394 Anglorum
284 2339 360 2393 legibus
377 2352 417 2378 sese
434 2338 568 2391 subjiciebant,
585 2339 625 2378 siue
635 2338 681 2378 novi
694 2339 734 2378 sive
750 2341 823 2378 veteres
833 2339 884 2380 cives

109 2395 246 2436 efficiebantur.
274 2395 335 2435 Nunc
345 2407 388 2433 vero
398 2393 483 2433 Jacobus
493 2393 570 2433 sustulit
583 2392 647 2446 legem
656 2393 711 2442 hano,
721 2392 801 2433 eandem
817 2394 884 2436 ciuita-

109 2451 140 2500 tis,
150 2451 283 2500 immunitatis,
293 2448 393 2497 libertatis,
404 2448 475 2501 legum,
488 2448 575 2501 jurisque
589 2447 720 2488 conditionem
729 2447 819 2488 omnibus
828 2448 883 2490 Iber-

109 2506 139 2546 nis
148 2507 248 2560 utriusque
257 2505 357 2559 prosapiae,
368 2507 387 2543 et
396 2503 484 2544 factionis
498 2503 611 2551 concedens,
618 2516 640 2542 eo
651 2503 735 2552 consilio,
745 2506 769 2542 ut
778 2502 883 2556 improbos,

109 2565 166 2616 aeque
176 2561 332 2602 sceleratissimos
342 2559 435 2611 seligeret,
445 2562 465 2598 et
478 2561 599 2607 remunerct;
614 2556 676 2597 bonos
688 2571 740 2606 vero,
750 2557 808 2610 longe
818 2558 883 2600 claris-

108 2617 173 2666 simos,
184 2620 203 2657 et
212 2615 357 2658 honestissimos
367 2614 417 2654 viros
427 2614 508 2667 ejiceret,
518 2612 616 2665 affligeret,
627 2612 719 2664 perderet.
747 2612 827 2652 Etenim
836 2628 883 2655 con-

107 2672 198 2712 stitutum
208 2676 243 2722 est,
253 2672 336 2726 quinon
344 2670 395 2723 juret
405 2668 418 2708 J
419 2668 499 2709 acobum
507 2681 548 2707 esse
557 2667 608 2716 fidei,
619 2672 639 2705 et
648 2667 731 2707 ecclesiae
740 2667 761 2707 in
770 2667 831 2720 ipsius
838 2683 883 2723 reg-

106 2727 137 2767 nis
146 2728 260 2782 principem,
270 2730 289 2768 et
299 2728 363 2779 caput,
380 2738 405 2764 ue
414 2722 552 2776 rempublicam
569 2726 661 2775 capessat,
671 2736 711 2762 non
721 2726 808 2762 exerceat
818 2724 883 2766 ciuilia

106 2794 198 2823 munera:
214 2787 234 2824 et
242 2787 265 2823 ut
274 2782 298 2823 ad
307 2781 359 2821 idern
374 2776 507 2832 jusjurandum
524 2791 590 2817 omnes
599 2776 680 2817 notioris
689 2776 773 2817 nominis
783 2776 883 2822 Iberniam

105 2834 214 2878 habitantes
224 2838 332 2892 adigantur.
362 2833 410 2877 (luae
419 2848 458 2873 nna
468 2831 586 2881 constitutio,
596 2835 691 2884 quantum
701 2832 795 2872 uniuersae
804 2836 883 2888 reipub.

105 2889 146 2931 liceo
163 2891 291 2934 calamitatem
306 2889 397 2938 attulerit,
414 2888 486 2929 nullius
501 2891 529 2928 est
543 2890 620 2927 tantum
633 2886 707 2940 ingenii
720 2887 799 2938 flumen,
809 2890 887 2932 nullius

105 2951 158 2989 tanta
168 2948 246 2989 dicendi
262 2946 381 2991 scribendive
390 2944 425 2995 vis,
442 2947 535 2997 tantaque
552 2942 607 2997 copia
623 2945 646 2982 ut
655 2942 717 2997 possit
732 2942 797 2984 verbis
806 2946 882 3003 referre,

218 3005 244 3043 36
