2237 3535
108 342 153 370 car.
163 331 219 384 1111]
300 348 303 372 s
354 345 634 381 1111111511111111111111.
840 337 880 377 109

105 453 192 482 10101515
201 442 222 482 in
234 439 353 482 Elisabethae
368 456 444 497 quoque
454 445 525 497 regina
535 447 612 496 tempus
626 442 701 484 incidit.
731 443 776 487 Quo
786 445 818 485 vix
828 445 881 486 credi

104 499 174 549 potest,
186 501 280 550 quantum
294 510 355 549 operae
371 503 437 540 contra
451 500 533 543 haereses
547 498 651 540 contulerit
665 499 802 549 concionando
818 515 880 541 sacra-

104 587 178 628 ratione,
187 588 227 622 illos
236 586 358 631 convincimus,
366 601 402 624 non
410 590 451 624 alia.
475 590 523 623 Nam
534 592 552 622 01
559 588 593 633 ipsi
601 590 697 623 ostendunt
705 601 723 623 50
735 590 789 624 fuisse
801 595 880 631 vocatos,

104 633 175 673 electos,
184 637 302 672 consecratos,
310 634 384 677 missos;
395 636 451 681 igitur
460 635 474 668 si
488 635 507 668 in
521 644 588 667 canone
603 635 672 668 dicatur
686 639 757 668 tantum
768 641 780 657 “
787 647 798 669 a
806 636 878 670 Christo

104 676 213 719 institutos,¹'
227 678 268 711 hinc
280 678 372 722 inferrent,
387 682 490 715 electionem
503 678 543 712 fieri
554 683 639 724 tanquam
652 692 674 714 ex
688 681 737 713 nudo
753 680 879 721 instrumento,

104 723 152 767 quod
158 722 226 767 aequale
234 722 283 756 sitin
291 725 376 765 omnibus,
388 731 425 760 tam
433 725 488 770 regis,
496 734 550 768 quam
557 735 612 768 papae.
624 728 649 758 3⁰.
660 724 701 770 quia
710 725 725 758 si
730 724 832 767 jurisdictio
839 730 879 760 tota

105 768 222 808 essetaDeo,
235 779 271 801 11011
283 775 341 814 posset
350 773 412 817 (propa)
421 770 470 804 illam
482 769 552 811 tollere,
567 780 599 803 nec
612 771 711 803 transferre
725 769 744 803 in
758 771 819 811 alium,
831 772 878 805 sicut

103 824 139 880 nop
146 813 306 897 {Otesdepthilei’e
313 821 441 895 ctppspplraplurp,
448 827 470 868 ne
479 815 555 882 ordinet,
564 818 596 893 zu
603 815 685 893 copficiat
692 814 832 895 Eucharistianp.
838 862 852 894 *t
861 862 869 875 „

163 870 190 892 uae
214 870 226 892 11
236 870 257 892 en
266 871 288 899 ia,
306 872 316 894 a
341 873 349 895 s
378 874 388 895 e
408 872 423 894 15
433 872 483 894 onan
521 871 569 893 omni
582 871 602 893 us
629 871 680 894 acere
688 871 764 895 maxime
772 872 810 895 visa
825 873 858 894 111.

127 902 186 937 When
193 903 224 937 the
234 904 317 939 Cardinal
330 908 352 941 de
365 906 454 941 Lorraine
468 884 593 950 sribsequently
600 872 690 950 pioposed
702 910 738 938 two
752 917 817 940 canons
827 911 847 941 to
855 906 878 940 be

102 948 211 982 substituted
218 949 246 983 101
254 950 285 984 the
293 951 331 986 VII
340 963 403 991 canon,
411 951 442 986 the
450 952 516 996 legates
524 952 542 984 in
550 950 639 996 rejecting
647 951 696 985 them
704 951 740 984 cite
751 962 816 996 among
824 952 876 986 other

101 1004 179 1035 reasons,
188 995 218 1028 1110
227 1001 320 1039 argument
327 997 349 1031 of
354 998 385 1031 the
393 997 461 1042 Bishop
469 996 491 1030 01
496 996 617 1041 Achonryr-

125 1041 137 1057 “
143 1040 222 1077 Quarto:
236 1042 316 1085 quoniam
324 1043 377 1076 multi
385 1046 427 1076 sunt
434 1042 519 1082 haeretici,
530 1042 560 1085 qui
567 1044 648 1075 asserunt
655 1052 718 1075 eorum
727 1040 819 1085 episcopos
827 1052 876 1075 crea-

100 1087 128 1117 tos
137 1095 148 1117 a
155 1085 231 1129 regibus,
239 1091 270 1120 aut
283 1087 422 1132 magistratibus,
433 1092 465 1122 aut
476 1087 559 1128 ecclesiis,
573 1097 610 1120 esse
623 1087 712 1131 legitimos
725 1086 823 1131 episcopos,
835 1091 876 1120 cum

100 1129 198 1174 episcopale
206 1142 269 1165 munus
277 1133 300 1165 sit
308 1144 318 1165 a
327 1132 400 1166 Ohristo
407 1133 515 1172 institutum,
524 1136 542 1165 01
549 1132 639 1172 incorum
648 1131 734 1165 electione
746 1136 827 1165 versetur
835 1137 875 1165 tan-

98 1178 137 1207 tnm
145 1176 212 1208 nudum
219 1177 341 1212 ministerium.
359 1178 394 1216 Qui
401 1190 452 1211 error
458 1179 513 1222 magis
518 1177 634 1210 confirmatur
641 1176 675 1209 hoc
684 1187 757 1215 canone,
766 1188 806 1210 cum
814 1182 873 1211 totum

99 1230 143 1263 opus
157 1220 229 1255 christo
237 1222 333 1264 tribuatur,
342 1234 374 1256 nec
383 1223 420 1255 ulla
430 1224 461 1256 fiat
473 1222 539 1255 mentio
551 1232 606 1265 papae,
615 1222 663 1264 quod
670 1232 726 1265 nuper
735 1221 788 1254 etiam
796 1222 873 1256 advertit

97 1264 115 1297 in
128 1267 263 1310 congregatione
277 1267 374 1312 Episcopus
389 1267 497 1301 Hibernicus
510 1267 584 1309 loquens
598 1266 619 1298 de
631 1266 693 1310 regina
707 1266 783 1309 Angliae,
796 1278 834 1310 quae
847 1267 874 1301 ita

97 1310 231 1345 ratiocinatur.”

121 1355 139 1388 It
147 1366 186 1400 may
194 1356 216 1389 be
224 1356 309 1390 observed
316 1356 365 1394 here,
377 1356 417 1389 that
425 1356 455 1388 the
462 1358 525 1399 report
533 1354 554 1388 01
560 1355 591 1388 the
599 1354 667 1399 Bishop
676 1354 697 1387 01
702 1355 801 1399 Achonry's
809 1360 849 1389 vote
858 1356 872 1390 is

96 1399 127 1433 the
135 1411 186 1440 same,
194 1402 245 1434 word
252 1401 281 1433 101
289 1401 345 1440 word,
352 1401 371 1433 in
379 1401 409 1434 the
417 1400 444 1434 Le
451 1400 493 1434 Plat
500 1400 535 1433 and
542 1400 562 1433 111
568 1400 677 1434 Mendham¹s
684 1400 752 1433 edition
758 1400 779 1433 of
785 1401 872 1441 Paleotto,

96 1445 141 1478 with
149 1445 178 1478 the
186 1456 229 1491 very
236 1445 347 1479 remarkable
355 1446 448 1490 exception
461 1445 482 1479 01
492 1446 524 1479 the
531 1445 582 1479 word
590 1448 653 1490 Oropo)
662 1445 720 1478 which
728 1445 765 1478 Mr.
775 1446 872 1480 Mendham

96 1490 160 1531 omitsg
173 1502 195 1523 an
205 1490 287 1524 omission
295 1490 352 1524 which
361 1491 441 1535 destroys
449 1490 479 1524 the
487 1490 537 1535 point
545 1490 567 1523 of
575 1490 606 1523 the
614 1495 715 1534 argument,
724 1490 759 1524 and
767 1490 871 1535 (1110111111Ι

96 1534 151 1568 dence
159 1535 179 1568 01
185 1535 222 1569 Μ1.
232 1536 343 1569 Mendham's
350 1536 421 1580 preface
433 1535 544 1578 considered)
553 1535 655 1569 diminishes
664 1546 696 1568 our
706 1535 806 1569 confidence
815 1537 833 1569 in
844 1536 871 1570 his

93 1578 205 1614 faithfulness
212 1585 232 1614 10
240 1580 267 1614 his
275 1585 319 1614 text.

119 1624 176 1658 Other
184 1629 235 1660 votes
244 1626 265 1659 of
269 1626 300 1659 the
308 1625 356 1659 Irish
369 1625 445 1669 Bishops
458 1636 488 1659 are
501 1625 594 1666 recorded,
602 1626 636 1658 hut
643 1625 674 1658 the
682 1636 743 1658 names
751 1625 772 1658 of
777 1625 824 1659 their
833 1626 872 1659 dio-

96 1680 143 1702 ceses
152 1681 182 1704 are
189 1676 222 1705 not
226 1671 279 1716 giren
287 1671 309 1714 by
317 1670 406 1704 Paleotto.
423 1672 445 1705 111
450 1671 480 1703 the
488 1681 553 1704 canons
563 1681 586 1704 on
594 1671 624 1703 the
632 1670 731 1715 obligation
737 1670 758 1703 01
763 1670 794 1703 the
801 1676 871 1715 pastore

95 1719 114 1747 to
128 1715 186 1749 reside
200 1716 218 1749 in
231 1716 278 1749 their
293 1716 375 1755 dioceses,
390 1727 401 1749 a
415 1727 467 1749 cause
479 1715 564 1760 excusing
576 1716 826 1760 temporarynon-residence,
835 1728 871 1750 was

106 1770 127 1793 ro
141 1761 218 1795 050111-

94 1771 106 1803 P
119 1771 155 1839 “psi
162 1805 274 1850 imperatoris
282 1810 312 1839 aut
319 1806 421 1850 reipublicae
428 1806 457 1839 cui
462 1804 551 1848 subjectus
560 1809 592 1844 est,
600 1805 691 1839 occasione
697 1805 762 1849 aliqua,
770 1817 806 1838 non
812 1810 871 1840 tamen

96 1850 252 1885 administrationis
261 1851 382 1895 suscipiendae,
389 1855 422 1884 aut
429 1851 506 1883 muneris
515 1849 590 1893 alicujus
598 1850 665 1894 publici
676 1850 763 1894 privative
771 1851 813 1884 alibi
821 1863 870 1885 exer-

95 1896 147 1928 cendi
155 1907 208 1930 causa
215 1897 237 1930 ab
246 1896 318 1929 ecclesia
326 1897 375 1939 (sua)
384 1900 487 1929 amoveatur
494 1897 510 1928 :”
523 1906 545 1928 011
557 1895 615 1928 which
630 1906 653 1929 an
667 1895 715 1928 Irish
728 1894 796 1940 Bishop
810 1897 868 1931 voted.

94 1940 120 1973 N.
130 1940 302 1985 Hibernus-placet
309 1940 341 1974 illa
353 1952 406 1974 causa
412 1941 492 1985 apposita
498 1941 517 1973 in
526 1940 603 1975 decreto.
628 1940 664 1975 Est
671 1940 790 1974 necessarium
797 1946 818 1975 ut
825 1953 868 1985 prae-

94 1985 127 2018 lati
135 1986 218 2020 intersint
225 1987 243 2019 in
251 1986 329 2019 conciliis
337 1997 401 2030 regum
409 1990 427 2019 et
435 1986 541 2030 principum,
550 1985 593 2019 alias
604 1990 664 2019 actum
672 1990 718 2019 esset
726 1986 747 2018 de
755 1985 840 2030 religione
848 1987 867 2020 in

94 2031 154 2065 multis
162 2031 227 2076 regnis.
240 2031 314 2064 Nam'in
322 2030 411 2064 Hibernia
418 2042 458 2064 cum
464 2035 548 2075 ageretur
554 2031 648 2064 concilium
655 2030 721 2074 reginae
730 2029 798 2069 Mariae,
807 2038 824 2064 et
832 2032 868 2064 duo

94 2078 221 2110 contenderent
229 2077 250 2110 de
258 2076 366 2120 episcopatu,
375 2076 421 2110 alter
434 2076 542 2114 Gatholicns,
556 2076 601 2108 alter
609 2075 710 2117 haereticus,
719 2075 764 2108 dixit
772 2076 868 2109 advocatus

95 2120 188 2161 Catholici,
202 2122 322 2155 adversarium
335 2132 372 2154 esse
386 2120 506 2165 repellendum
521 2121 562 2164 quia
575 2120 653 2153 obtinuit
666 2120 787 2164 episcopatum
801 2132 812 2153 a
824 2133 868 2166 rege

94 2167 204 2200 schismatico
213 2166 293 2200 Henrico
302 2166 363 2208 VIII,
376 2171 420 2200 tunc
428 2165 487 2199 statim
500 2164 580 2209 praefecti
592 2164 665 2198 consilio
676 2165 804 2207 judicaverunt
817 2166 867 2200 illum

92 2222 143 2244 reum
152 2222 188 2246 esse
195 2212 240 2245 laesae
247 2212 351 2255 majestatis.
377 2210 411 2244 llle
418 2210 514 2255 respondit,
523 2221 568 2255 rogo
580 2214 601 2243 ut
607 2221 636 2243 me
644 2210 732 2244 audiatis:
744 2221 786 2243 nam
794 2211 809 2243 si
817 2211 868 2245 Hen-

93 2256 141 2290 ricus
149 2256 183 2291 11111
192 2256 296 2290 (1111011015
304 2268 374 2290 necesse
380 2261 407 2290 est
413 2260 434 2289 ut
441 2255 502 2300 regina
509 2256 533 2288 sit
541 2254 653 2289 schismatica
660 2258 692 2288 aut
700 2266 709 2288 e
718 2259 781 2289 contra
789 2269 793 2297 ;
807 2257 867 2301 eligite

93 2312 136 2346 ergo
149 2308 210 2336 utrum
223 2301 287 2336 velitis.
310 2302 363 2335 Tunc
374 2301 460 2346 praefecti,
472 2300 499 2334 his
513 2300 585 2338 auditis,
598 2300 651 2333 illum
663 2300 777 2333 absolverunt
786 2305 804 2334 et
812 2302 868 2335 eidem

93 2348 212 2392 episcopatum
221 2352 351 2381 concesserunt.
377 2347 421 2380 Haec
432 2349 458 2379 est
472 2345 518 2379 ratio
532 2356 565 2378 cur
573 2356 608 2378 1101
616 2345 691 2390 probem
702 2346 781 2389 proemii
790 2346 867 2380 declara-

92 2394 158 2427 tionem
165 2393 215 2426 Juris
223 2392 294 2433 Divini3
303 2403 340 2426 non
348 2392 389 2436 qnia
396 2402 432 2424 non
440 2390 513 2424 sentiam
522 2390 548 2423 ita
555 2401 599 2429 esse,
607 2390 639 2424 sed
646 2402 668 2424 ne
674 2390 754 2424 haeretici
762 2391 826 2432 dicant,
834 2392 867 2425 hac

93 2443 143 2472 tenus
152 2438 241 2483 episcopos
250 2437 280 2480 qui
287 2437 409 2471 interfuerunt
417 2435 494 2470 consiliis
502 2435 604 2480 principum
612 2435 666 2469 fuisse
674 2435 693 2468 in
703 2440 777 2480 peccato
789 2437 867 2476 mortali,

92 2489 112 2518 ut
124 2483 168 2517 dixit
177 2487 238 2516 orator
245 2482 302 2527 Regis
310 2482 408 2516 Poloniae.”

116 2528 237 2571 Immediately
250 2526 296 2560 after
308 2527 340 2561 the
353 2525 454 2571 preceding,
473 2525 548 2558 another
568 2525 617 2559 Irish
631 2525 698 2568 Bishop
712 2528 762 2558 10105
776 2525 816 2559 that
835 2526 865 2560 the

92 2574 150 2608 divine
163 2575 198 2608 law
208 2573 230 2606 01
241 2572 332 2606 residence
344 2572 409 2606 should
422 2571 444 2604 be
456 2570 538 2603 declared
546 2571 569 2614 by
577 2571 607 2604 the
619 2570 699 2604 (iouncil.
725 2569 814 2603 However
822 2572 865 2615 they

92 2631 132 2665 may
140 2620 183 2654 have
192 2617 265 2652 differed
274 2629 297 2650 on
304 2617 335 2650 the
344 2617 450 2662 expediency
462 2615 482 2648 01
490 2616 521 2649 the
534 2615 650 2655 declaration,
663 2615 678 2648 it
688 2615 703 2647 is
717 2615 786 2648 certain
794 2615 833 2649 that
841 2617 865 2650 all

90 2665 147 2705 three,
154 2677 172 2698 as
179 2664 224 2698 shall
231 2663 252 2696 be
261 2673 307 2701 seen,
315 2662 392 2696 fulfissed
400 2662 440 2695 that
448 2661 486 2701 law,
495 2665 514 2694 at
520 2660 550 2694 the
559 2660 676 2695 1151011101·
684 2659 750 2704 liberty
758 2661 794 2694 and
802 2660 838 2694 life.

116 2711 145 2744 On
152 2711 182 2744 the
190 2707 306 2742 reformation
314 2708 371 2740 011110
380 2708 443 2741 abuses
452 2706 470 2739 in
478 2706 508 2739 the
522 2710 622 2739 sacrament
630 2705 651 2738 01
657 2705 725 2744 orders,
734 2716 744 2737 a
752 2716 814 2747 canon,
824 2706 863 2750 (the

91 2754 125 2799 V.)
134 2766 168 2788 was
176 2753 270 2799 proposed,
278 2752 390 2797 prescribing
401 2752 432 2785 the
441 2750 567 2796 qualifications
575 2761 667 2795 necessary
673 2750 702 2783 101
709 2750 800 2795 receiving
807 2752 862 2794 them,

91 2810 113 2832 011
122 2800 180 2834 which
188 2812 210 2833 an
217 2798 263 2833 Irish
270 2797 337 2842 Bishop
342 2798 428 2831 observes
434 2812 462 2830 :-

114 2845 152 2878 “In
160 2846 221 2890 quinto
236 2844 349 2887 corrigantur
360 2843 413 2887 juges
427 2841 517 2876 abususin
530 2840 690 2883 nominationibus3
705 2851 747 2874 nam
759 2841 863 2886 plerumque

89 2893 130 2930 post
137 2890 275 2923 nominationem
283 2889 347 2921 factam
355 2887 442 2920 nominati
450 2887 531 2921 videntur
543 2886 634 2931 negligere
646 2886 773 2930 expeditiones,
782 2890 800 2919 et
807 2888 863 2931 perci-

88 2932 139 2975 piunt
153 2934 224 2968 interim
237 2935 306 2968 11101115
320 2944 351 2978 per
360 2943 460 2973 economos,
466 2935 483 2964 et
490 2930 577 2976 paulatim
584 2933 672 2976 obrepunt
677 2931 730 2966 etiarn
738 2930 757 2964 in
765 2931 864 2976 spiritualia
