2237 3535
203 380 242 418 150
358 382 493 423 o'sunuuvnrvr
504 395 606 422 ursrounu
622 397 746 433 carnonrom,
762 397 803 424 rom
818 396 849 426 rrr.
888 384 938 434 [niu.
954 397 978 424 rr.

200 484 221 524 vi
231 489 335 527 ventorum
343 492 404 541 rapta,
422 488 512 536 Scotiam,
523 494 543 530 et
559 489 656 531 lberuiam
673 493 833 542 circumvenitur3
848 505 892 545 pars
908 504 978 543 magna

200 541 326 595 naufragium
344 543 395 583 fecit.
419 542 490 595 Aliquo
515 559 574 585 naves
589 546 610 585 in
627 544 725 587 iberniaef
741 553 760 588 et
776 549 844 589 Sootiae
854 547 919 586 littora
929 549 977 585 aestu

201 597 350 649 compelluntur,
360 596 430 649 quibus
440 611 474 650 per
490 603 558 640 acutos
575 600 664 653 scopulos
674 604 779 651 concussis,
795 607 852 657 atque
866 600 975 647 submersis,

200 650 289 691 homines
298 650 427 704 stupescunt,
438 652 470 692 alii
479 654 510 694 vel
520 655 591 705 nando,
602 655 632 695 vel
641 655 759 708 prosiliendo
768 657 800 697 vin
813 657 903 698 evadunt.
933 655 976 695 Sos-

200 706 274 759 pitibus
283 708 306 745 ut
316 719 411 759 quemque
421 706 590 761 deprehendebant
599 710 665 763 Angli,
676 714 759 751 mortem
765 712 879 752 inferebant.
908 710 977 751 Allon-

201 775 233 800 sus
242 760 301 800 Leiva
310 759 384 801 nobiles
395 775 452 814 eques
463 762 564 818 Hispanus
574 770 619 819 post
626 780 657 805 eas
664 766 736 806 insulas
743 766 851 807 circumitus
859 766 977 806 commeatus

199 814 265 868 inopia
281 814 370 856 laborans
387 817 452 857 navim
467 821 582 873 tempestate
598 824 707 873 quassatam
723 821 744 861 in
758 820 839 861 Ultonia
855 821 947 874 applicuit
956 821 977 860 in

197 874 282 923 portum,
300 883 357 923 quem
373 870 475 925 eugenius
490 873 537 915 Mac
554 875 647 915 Suinnius
663 876 750 916 Tuetlriae
766 876 856 929 princeps
870 875 975 915 obtinebat.

197 924 238 964 Alii
248 924 331 978 Hispani
340 927 422 967 trecenti
431 932 475 981 post
492 925 558 970 navim
572 930 592 970 in
610 930 704 983 Sligacha,
720 930 837 971 Connachtae
850 934 909 983 portu
919 929 976 970 obru-

196 983 243 1029 tam
254 979 348 1021 Bernardi
357 981 463 1032 O’Ruarhi,
474 989 603 1038 cognomento
613 989 627 1007 “
634 985 723 1039 Magni,”
733 985 831 1026 Brethm'ae
837 985 936 1037 principis,
943 985 976 1038 qui

196 1048 237 1074 non
253 1034 311 1089 longe
328 1036 399 1086 aberat,
415 1037 452 1078 sibi
467 1040 578 1092 praesidium
593 1040 704 1094 efflagitant.
734 1041 759 1081 Id
773 1039 885 1081 Eliuabetha
898 1039 976 1092 Angliae

196 1089 264 1142 regina
278 1094 298 1130 et
313 1091 355 1144 ejus
370 1106 439 1145 prorex
454 1093 538 1135 iberniae
554 1095 653 1136 Johannes
662 1096 762 1136 Perrottus
773 1109 816 1136 cum
830 1094 975 1143 intellexissent,

197 1144 325 1186 O'ltuarkum
340 1149 359 1186 et
376 1147 422 1187 Mac
438 1148 542 1190 Suinnium
559 1151 663 1191 Tuethium
678 1150 748 1204 jubent
765 1150 914 1204 permitterent
927 1149 976 1202 regii

196 1200 280 1240 ministri
290 1200 389 1255 Hispanos
400 1203 559 1246 animadvertant.
588 1206 625 1246 Cui
635 1206 715 1259 imperio
725 1205 840 1246 O'Huarkus
851 1208 871 1245 et
880 1204 975 1244 Tuethius

195 1255 344 1308 responderunt,
362 1257 400 1297 sibi
414 1259 512 1312 prohiberi
528 1260 628 1314 Religione
639 1261 744 1310 Catholieat,
759 1274 816 1314 quam
829 1258 974 1313 profitebantur,

196 1309 306 1351 Catholicos
323 1312 348 1352 ad
363 1327 431 1353 necem
446 1315 521 1356 tradere
531 1320 551 1356 et
561 1317 618 1356 etiam
626 1317 677 1357 infra
686 1331 741 1356 suam
756 1315 871 1368 digmtatem
885 1328 926 1354 esse
936 1328 973 1363 eos,

196 1365 230 1417 qui
240 1365 264 1406 ad
274 1367 355 1407 tutelam
364 1368 450 1421 ipsorum
465 1371 563 1424 fugerant,
572 1371 660 1425 prodere.
688 1371 758 1425 Itaque
775 1370 891 1410 O’Ruarlrus
900 1373 974 1409 trecen-

195 1424 233 1470 tos,
244 1421 278 1473 qui
287 1421 312 1462 ad
320 1422 385 1476 ipsum
392 1429 490 1475 venerant,
502 1426 547 1466 dato
558 1426 605 1467 duce
615 1430 634 1467 et
650 1431 758 1467 commeatu
767 1426 792 1466 ad
801 1425 912 1473 Tuethium,
923 1424 974 1477 apud

198 1489 255 1527 quem
269 1476 329 1518 Leiva
345 1492 413 1518 navem
430 1480 516 1520 reficiens
534 1481 608 1535 agebat,
623 1482 690 1521 mittit.
718 1482 751 1522 Ad
761 1481 848 1529 eundem,
860 1480 924 1533 quiin
934 1479 974 1519 aliis

198 1529 282 1571 iberniae
298 1532 351 1581 locis,
368 1534 442 1574 amissis
457 1535 546 1585 navibuS,
562 1537 684 1590 naufragium
693 1540 713 1577 et
722 1536 831 1590 Anglorum
844 1549 913 1575 manus
928 1534 973 1574 effu-

199 1589 274 1638 gerant,
290 1586 366 1628 lbernis
382 1588 440 1629 duces
455 1591 548 1631 itinerum
562 1595 581 1631 et
594 1592 669 1632 victum
683 1590 856 1645 suppeditantibus,
867 1589 973 1629 confluunt.

200 1639 214 1679 J
214 1655 246 1681 am
255 1641 308 1681 mille
316 1643 356 1683 fere
366 1643 449 1697 Hispani
458 1646 509 1699 apud
518 1646 623 1686 Tuethium
633 1650 687 1686 erant
695 1646 767 1687 Leiviae
776 1646 856 1698 imperio
867 1644 974 1697 obtemper-

199 1699 260 1736 antes.
289 1696 319 1738 Eo
329 1697 461 1751 Hispanorum
470 1715 551 1741 numero
556 1701 651 1742 Tuetbius
659 1701 722 1751 laetus,
728 1706 748 1741 et
757 1701 827 1741 virtute
836 1699 974 1748 freinsheim

199 1751 273 1800 suadet,
284 1756 306 1792 ut
315 1753 337 1793 in
346 1753 425 1794 ibernia
434 1753 506 1795 bellum
522 1757 591 1809 Anglis
607 1756 685 1805 indicet,
695 1771 716 1797 se
725 1771 770 1796 suos
781 1755 874 1796 obaeratos
891 1758 973 1794 armatu-

197 1820 248 1856 rum,
258 1806 310 1847 idem
320 1807 447 1849 O’Ruarlrum
456 1810 565 1851 facturum:
581 1826 646 1851 omnes
656 1811 736 1852 lbernos
746 1825 781 1865 pro
795 1810 893 1864 religionis
902 1809 972 1850 Catho-

197 1860 240 1901 licae
249 1860 338 1903 libertate
354 1864 509 1917 conspiraturos:
524 1866 594 1918 reginae
611 1881 646 1906 nee
663 1881 714 1919 opes,
724 1881 760 1907 neo
776 1865 839 1918 copias
848 1864 927 1914 validas,
938 1878 973 1904 nec

197 1930 250 1956 arces
259 1918 344 1958 munitas
354 1933 407 1968 esse,
418 1918 516 1960 iberniam
525 1921 614 1974 primum,
622 1921 666 1960 inde
672 1922 763 1974 Angliam
772 1920 823 1961 facili
832 1920 911 1973 negotio
917 1934 972 1973 posse

196 1973 309 2025 expugnari.
337 1973 397 2015 Leiva
406 1974 464 2015 refert
472 1975 494 2015 id
503 1975 582 2015 minime
592 1975 628 2016 sibi
638 1976 700 2025 licere,
707 1976 759 2028 quod
769 1991 780 2016 a
789 1990 833 2028 rege
843 1975 909 2015 sucin
919 1988 971 2014 man-

195 2026 245 2067 datis
254 2041 295 2067 non
304 2030 408 2082 acceperit:
424 2029 445 2070 in
455 2029 552 2084 Hispania
564 2030 609 2071 verb
619 2045 639 2070 se
649 2044 693 2070 curn
709 2045 754 2083 rege
768 2034 861 2079 aetrnum,
871 2033 894 2069 ut
908 2028 971 2069 uberi-

193 2096 247 2122 orem
266 2083 371 2124 exercitum
389 2084 460 2134 mittat,
479 2085 513 2138 qui
529 2085 627 2126 iberniam
642 2086 663 2125 in
676 2084 784 2126 libertatern
798 2088 874 2125 asserat.
903 2083 931 2123 Ht
944 2084 971 2124 ita

193 2142 303 2188 commeatu
312 2153 323 2179 a
332 2139 416 2180 Tnethio
432 2144 510 2194 accepto
520 2141 542 2181 in
552 2142 616 2181 navim
629 2141 669 2194 jam
679 2141 769 2181 refectam
779 2139 849 2179 milites
860 2153 926 2179 omnes
935 2139 970 2179 im-

192 2190 255 2245 potiit.
285 2194 323 2234 Sed
339 2195 372 2235 vix
389 2194 431 2235 vela
445 2196 508 2236 ventis
524 2196 563 2245 dat,
574 2196 619 2237 crim
627 2197 649 2235 in
659 2195 768 2249 plangentis
778 2194 856 2234 Tuetlrii
866 2198 970 2247 conspectu

192 2247 247 2287 navis
262 2248 364 2290 hominum
379 2249 504 2291 multitudine
519 2255 597 2292 onerata
612 2250 712 2291 dehiscens
722 2264 766 2291 eum
776 2250 864 2289 omuibus
874 2249 969 2289 obruitur.

193 2301 234 2346 Qui
243 2307 310 2357 postea
320 2305 405 2359 Hispani
414 2319 438 2345 ex
446 2307 548 2360 naufragio
557 2307 578 2347 in
585 2306 668 2347 iberniae
674 2305 739 2345 littora
746 2308 852 2354 evaserunt,
863 2303 886 2344 ab
894 2304 969 2348 lbernis

191 2358 308 2399 inScotiam
323 2360 348 2401 ad
357 2360 447 2401 comitem
463 2361 590 2402 Bothnehum
607 2361 688 2402 Scoticae
703 2360 767 2400 classis
782 2361 899 2413 praefectum,
911 2364 930 2399 et
945 2359 969 2399 ab

192 2413 230 2454 hoc
239 2414 261 2454 in
271 2414 352 2456 Galliam
364 2415 395 2456 vel
404 2415 494 2469 Belgium
503 2417 637 2458 mittebantur.

220 2469 297 2522 Regina
313 2470 414 2511 O'Ruarlri
430 2475 449 2511 et
464 2472 542 2513 Tuethii
559 2470 708 2513 inobedientiam
719 2470 776 2510 armis
786 2470 867 2511 coerceri
881 2469 968 2523 jubente,

177 2540 178 2543 ¹
192 2524 301 2565 Richardns
310 2525 432 2580 Binghamus
448 2527 525 2580 Anglus
541 2542 599 2581 eques
616 2530 699 2574 auratus,
711 2525 826 2566 Oonnaclrtee
836 2525 938 2579 praefeetus
948 2525 969 2564 in

192 2579 320 2621 O’Ruarkum
339 2581 482 2636 expeditionem
500 2583 568 2631 facit,†
584 2581 652 2635 paucis
671 2580 741 2634 Anglis
758 2581 792 2621 sed
807 2595 865 2634 quarn
881 2579 969 2633 plurimis

191 2635 268 2676 lbernis
278 2637 355 2677 coactis.
384 2637 457 2678 Praeter
472 2643 551 2678 caeteros
567 2637 646 2690 Ulligus
661 2635 740 2676 Burhus
750 2634 890 2677 Olanrichardae
905 2648 968 2675 comes

213 2794 221 2809 *
235 2792 256 2830 17
264 2792 323 2837 Ships,
331 2793 434 2839 containing
441 2796 503 2841 nearly
510 2799 563 2836 6,000
569 2808 614 2835 men,
623 2807 669 2829 were
675 2797 755 2831 vreched
763 2809 786 2831 on
794 2796 824 2830 the
836 2796 897 2829 shores
904 2795 925 2828 of
930 2795 967 2829 Ire-

190 2837 237 2870 land.
263 2838 328 2880 Three,
336 2840 379 2873 with
389 2842 441 2879 1,5oo
448 2853 496 2881 men,
503 2854 551 2876 were
565 2846 602 2875 cast
610 2852 659 2885 away
667 2841 693 2874 off
700 2842 749 2887 Sligo
757 2857 762 2885 ;
777 2853 809 2875 one
818 2841 861 2874 with
871 2843 877 2873 l
880 2843 921 2880 ,100
928 2853 967 2875 men

190 2882 209 2915 in
217 2882 281 2927 Lough
289 2883 351 2929 Foyle.
377 2884 411 2919 See
419 2886 449 2920 the
458 2887 562 2921 documents
568 2888 586 2920 in
594 2886 717 2921 0¹D0n0van¹s
728 2889 779 2922 Four
786 2887 870 2927 Masters,
884 2898 902 2930 p.
914 2886 965 2923 1870.

213 2936 223 2978 †
236 2936 275 2969 The
283 2936 333 2971 Lord
341 2938 414 2982 Deputy
423 2939 543 2982 Fitzvvilliam,
555 2939 597 2974 with
604 2939 699 2984 Bingham,
707 2940 793 2975 marched
798 2939 866 2984 against
874 2939 964 2973 O'Rcrke.

190 2981 240 3015 Fcrer
254 2980 334 3023 Masters,
343 2994 359 3027 p.
369 2986 419 3017 1588.
