2237 3535
109 386 152 414 oar.
163 375 220 427 rur]
263 389 289 416 uu
299 389 420 420 rrnnronuu
431 392 523 421 nourrius
532 394 600 425 urocn
610 394 730 424 narrarent.
854 385 880 423 45

105 487 191 537 tempore
208 486 360 539 gubernaculum
374 489 456 533 Rotnani
473 490 553 544 Imperii
569 496 614 545 post
633 492 772 541 Justiniauum,
790 491 881 532 Justiuus

105 539 168 580 minor
174 543 255 595 accepit,
262 542 315 583 venit
322 543 427 587 delbernia
434 545 539 600 praesbyter
547 549 566 586 et
573 546 633 588 abbas
640 547 709 589 habitu
716 551 735 588 et
741 548 781 588 vita
791 548 880 588 monachi

104 594 186 647 insignis
200 598 279 637 nomine
293 596 423 642 Columbanus
431 603 457 642 in
467 601 589 642 Britanniam
601 602 741 656 praedicaturus
751 602 833 642 verbnm
842 602 879 643 Dei

104 650 207 702 proxinciis
223 653 402 705 septentrionalibus
417 657 538 698 Pictorum.''
567 657 624 699 Idem
633 657 666 698 lib.
684 661 704 708 4,
715 672 731 699 c.
742 659 763 706 t,
779 657 877 697 Historiae.

105 704 199 746 “Verum
215 707 262 748 dum
277 708 340 750 adhuc
355 710 455 764 Sigbertus
472 711 528 765 regni
543 712 614 754 infulas
630 716 711 763 teneret,
727 713 839 767 supervenit
856 712 879 752 de

103 758 181 802 ibernia
191 762 220 802 vir
230 766 313 814 sanctus,
324 767 400 807 nomine
413 766 504 816 Furseus,
521 766 578 809 verbo
589 773 609 808 et
618 768 693 809 actibus
703 767 772 817 clarus,
782 767 816 808 sed
826 781 879 820 egre-

103 815 141 867 giis
156 816 239 870 insignis
255 819 378 861 virtutibus.”
407 822 456 863 Haec
472 822 532 863 Baeda
548 824 581 876 qui
597 823 629 864 hic
644 828 664 864 et
678 823 724 864 alibi
732 822 789 877 plura
798 823 820 863 in
829 822 878 863 hanc

103 872 219 912 sententiam
226 873 292 915 scribit
297 891 303 925 ;
314 879 333 916 et
340 877 406 918 asserit
412 879 433 918 in
441 878 526 927 Ibernio,
534 879 650 920 monasteria
658 879 758 934 juventuti
763 877 852 931 Anglicae
857 878 878 917 in

102 924 147 965 fidei
156 926 261 970 Catholicae
270 929 370 984 disciplina
379 932 489 974 excolendae
500 934 559 974 fuisse
569 935 681 975 constituta.
712 933 766 978 Quin
779 937 798 973 et
808 933 877 973 doctis-

102 980 145 1020 simi
161 984 233 1035 quique
249 984 273 1025 ad
287 986 419 1027 concitandam
435 1002 475 1028 snae
489 988 582 1031 doctrinae
593 991 664 1031 famam
679 988 813 1042 gloriabantur
823 1002 842 1027 se
856 988 878 1027 in

102 1035 180 1077 ibernia
189 1038 257 1080 litteris
267 1040 381 1082 incubuisse.
411 1042 469 1083 Unde
478 1044 500 1083 in
509 1044 630 1097 proverbium
641 1045 689 1086 abiit
704 1043 838 1085 “amandatus
848 1046 878 1083 est

102 1091 126 1131 ad
137 1091 256 1147 disciplinam
265 1096 286 1136 in
296 1095 407 1138 Iberniam''
416 1102 440 1137 ut
450 1098 520 1139 author
529 1103 558 1140 est
567 1100 676 1141 Camdenus
686 1100 763 1154 Anglus
772 1099 875 1139 distichum

101 1145 149 1186 illud
159 1147 180 1188 in
189 1149 217 1189 rei
227 1150 283 1191 fidem
293 1151 390 1192 adducens
398 1154 415 1204 εΙΙ
883 1146 929 1187 [42⁸]

272 1234 361 1278 Exemplo
370 1238 442 1278 patrum
451 1239 549 1269 commotus
558 1247 617 1270 amore
625 1237 695 1281 legendi

273 1278 309 1312 Irit
317 1279 340 1312 ad
348 1279 421 1312 lbernos
430 1280 492 1323 sophia
501 1280 598 1324 (mirabile)
607 1282 664 1315 claros

100 1347 137 1388 Cui
152 1364 229 1390 carmen
239 1350 258 1389 S.
269 1350 337 1390 Albini
348 1350 371 1390 de
380 1350 507 1392 Willibrordo
522 1352 672 1406 Archiepiscopo
685 1358 836 1394 consentaneum
846 1357 875 1394 est

228 1429 286 1466 Quem
294 1428 327 1461 tibi
332 1428 371 1471 jam
379 1429 442 1473 genuit
449 1429 530 1463 faecunda
538 1430 633 1464 Britannia
640 1436 698 1465 mater

226 1473 320 1518 Doctaque
329 1474 404 1523 nutriuit
411 1475 475 1508 studiis
483 1476 514 1508 sed
521 1476 592 1509 Ibernio
600 1476 660 1510 sacris.

415 1699 474 1740 cur.
488 1699 549 1740 rur.
611 1679 612 1683 ’

105 1800 180 1844 Aliquot
189 1791 264 1832 Iberniac
273 1796 313 1837 viri,
321 1796 428 1839 faeminaeque
437 1795 514 1840 insigues
522 1794 604 1829 doctriua
612 1798 629 1828 et
638 1796 732 1828 sanctitate
740 1802 861 1830 numerantur.

98 1878 157 1922 Quos
171 1892 216 1918 vero
226 1876 353 1930 procreaverit
367 1875 445 1917 Ibernia
458 1877 509 1916 viros
523 1876 637 1917 excellentes
651 1876 744 1926 doctrina,
756 1880 789 1932 qui
806 1881 835 1920 sui
844 1882 874 1922 in-

97 1934 149 1986 genii
168 1937 187 1973 et
206 1932 306 1972 industriae
325 1936 451 1972 monumenta
467 1932 591 1985 reliquerunt,
608 1932 687 1985 longius
706 1937 756 1974 esset
773 1948 879 1976 numerarer

96 1989 168 2029 Tamen
178 1988 238 2040 aliqui
244 1987 319 2027 silentio
329 1987 451 2039 pretereundi
460 2000 500 2027 non
514 1990 566 2035 sunt,
578 1987 661 2027 maxime
677 1987 810 2038 Adamnauus,
821 1991 871 2031 Ard-

96 2044 206 2092 machanus,
228 2042 326 2091 Claudius,
345 2041 439 2090 Clemens,
457 2041 490 2093 qui
504 2041 616 2081 Parisiensis
638 2042 738 2096 Gymnasii
754 2043 872 2086 celeberrimi

95 2099 221 2139 tirndamenta
225 2096 494 2152 jecerunt,testibusSebelico
502 2101 521 2136 et
527 2096 631 2146 Nauclero,
637 2096 746 2150 Oogitosus,
751 2098 870 2153 Hidulphus,

96 2154 195 2194 Johannes
205 2153 303 2193 Dunensis
315 2153 384 2193 Scotus
394 2152 533 2192 florentissimae
547 2151 618 2191 schola
633 2152 760 2193 Scotistarum
776 2156 870 2205 conditor,

95 2210 109 2250 J
110 2210 194 2249 ohannes
204 2208 314 2249 Academiae
322 2207 421 2248 Patavinae
430 2208 504 2260 primus
515 2207 586 2256 doctor,
602 2207 714 2247 authoribus
725 2207 815 2250 Johaune
825 2210 871 2252 Val-

96 2279 146 2313 ense,
159 2264 250 2317 Guagiuo
261 2267 281 2302 et
290 2263 393 2316 Polydoro.
413 2263 474 2303 Jonas
484 2262 557 2312 Abbas,
563 2262 664 2302 Marianus
675 2263 750 2312 Scotus,
761 2264 871 2316 Mauritius,

96 2320 208 2360 Okahamus
224 2318 359 2359 Nominalium
376 2318 471 2371 princeps,
486 2318 556 2358 Petrus
572 2316 661 2366 thornua,
673 2318 770 2368 Sedulim,
781 2320 870 2362 Thadeus

96 2376 164 2415 Scotus
174 2373 247 2422 Abbas,
254 2373 341 2413 vThomas
351 2373 459 2413 Ibernicus.

123 2430 176 2474 Quot
186 2443 231 2469 vero
242 2428 278 2468 viri
286 2428 406 2480 iaeminaeque
415 2428 437 2467 iu
447 2428 482 2468 hae
492 2427 557 2468 insula
566 2428 665 2468 extiterint
674 2430 719 2468 ritae
729 2430 835 2480 sanctitate,
851 2436 870 2471 ct

93 2487 202 2526 suturarum
211 2498 274 2524 rerum
280 2483 406 2537 praesensione
411 2488 452 2523 tam
466 2483 587 2529 admirabiles
598 2488 620 2523 ut
629 2484 669 2523 sint
675 2484 696 2523 in
705 2484 764 2523 fastos
774 2484 869 2526 Dirorum

93 2545 217 2594 atquecetum
223 2538 284 2588 relati,
290 2539 333 2592 quis
339 2543 402 2592 potest
408 2536 552 2578 moclicolabore
558 2538 698 2591 perstringere?
709 2538 869 2593 Occurruntprae-

92 2602 122 2637 ter
131 2596 200 2636 relatos
211 2595 291 2647 aliquos,
300 2594 379 2642 Barrus,
387 2592 486 2641 Columba,
494 2591 632 2642 Columbanus,
640 2592 744 2641 Connalus,
752 2593 866 2649 Duvengar-

93 2652 135 2701 dus,
146 2650 248 2698 Farlcerus,
259 2649 351 2700 Fiacrius,
361 2649 460 2698 rollanus,
467 2648 557 2696 Furseus,
565 2648 665 2697 Himilius,
673 2647 771 2697 Kilianus,
781 2648 867 2692 Lauren-

93 2708 138 2756 tius,
158 2705 271 2753 Malaclrias,
291 2705 405 2754 Romuldus,
425 2704 529 2756 Rupertm,
546 2701 637 2742 Ultauus.
657 2702 727 2755 Neque
744 2703 866 2748 heminarum

92 2762 158 2815 generi
167 2762 232 2801 minus
242 2760 310 2800 honori
320 2765 366 2800 suut
375 2764 446 2800 nostrae
456 2759 510 2807 dirae,
520 2757 606 2810 Brigida,
620 2758 686 2818 (tynio,
697 2757 784 2811 Diphua‚
794 2761 866 2813 Ethue,

93 2817 175 2857 Emeriae
190 2817 240 2864 duae,
255 2814 335 2865 Fidella,
356 2815 464 2864 Gubeneta,
484 2813 574 2861 Memesa,
595 2812 697 2853 Richardrs
713 2812 831 2868 Imperatrir
847 2824 866 2858 et

93 2873 154 2926 virgo.
184 2871 238 2915 Quid
247 2871 319 2910 frustra
331 2870 451 2923 singulorum
463 2869 547 2917 nomina,
563 2867 615 2920 quod
623 2868 686 2909 iacere
696 2882 771 2922 nequeo
781 2876 866 2923 repetere

93 2927 165 2967 coner?
196 2926 273 2980 Quippe
288 2930 364 2966 sanctos
381 2926 431 2966 viros
449 2925 482 2978 qui
499 2923 581 2964 diversas
598 2922 650 2963 orbis
667 2927 762 2965 terrarum
778 2928 866 2979 regiones

91 2980 218 3030 illustrarunt,
226 2981 274 3021 etad
281 2981 407 3022 aeternitatem
417 2982 557 3030 consecrarunt,
568 2993 591 3018 er
599 2978 677 3020 ibernia
687 2979 740 3021 velut
750 2995 773 3021 en
783 2981 836 3023 alueo
845 2986 866 3024 in
