<?xml version="1.0" encoding="UTF-8"?>
<!DOCTYPE html PUBLIC "-//W3C//DTD XHTML 1.0 Transitional//EN"
    "http://www.w3.org/TR/xhtml1/DTD/xhtml1-transitional.dtd">
<html xmlns="http://www.w3.org/1999/xhtml" xml:lang="en" lang="en">
 <head>
  <title>
</title>
<meta http-equiv="Content-Type" content="text/html;charset=utf-8" />
  <meta name='ocr-system' content='tesseract 3.04.00' />
  <meta name='ocr-capabilities' content='ocr_page ocr_carea ocr_par ocr_line ocrx_word'/>
</head>
<body>
  <div class='ocr_page' id='page_1' title='image "MN42000ucmf_1_0163.png"; bbox 0 0 2237 3535; ppageno 0'>
   <div class='ocr_carea' id='block_1_1' title="bbox 132 401 902 453">
    <p class='ocr_par' dir='ltr' id='par_1_1' title="bbox 132 401 902 453">
     <span class='ocr_line' id='line_1_1' title="bbox 132 401 902 453; baseline 0 -10"><span class='ocrx_word' id='word_1_1' title='bbox 132 416 174 443; x_wconf 82' lang='lat' dir='ltr'><strong>nm.</strong></span> <span class='ocrx_word' id='word_1_2' title='bbox 189 401 229 453; x_wconf 78' lang='lat' dir='ltr'><strong>ru]</strong></span> <span class='ocrx_word' id='word_1_3' title='bbox 329 413 420 444; x_wconf 67' lang='lat' dir='ltr'><strong>innarenn</strong></span> <span class='ocrx_word' id='word_1_4' title='bbox 435 416 472 444; x_wconf 84' lang='lat' dir='ltr'><strong>sun</strong></span> <span class='ocrx_word' id='word_1_5' title='bbox 487 414 621 451; x_wconf 82' lang='lat' dir='ltr'><strong>nnrznanrna,</strong></span> <span class='ocrx_word' id='word_1_6' title='bbox 636 414 683 442; x_wconf 81' lang='lat' dir='ltr'><strong>rou.</strong></span> <span class='ocrx_word' id='word_1_7' title='bbox 698 414 723 441; x_wconf 85' lang='lat' dir='ltr'><strong>rr.</strong></span> <span class='ocrx_word' id='word_1_8' title='bbox 862 403 902 443; x_wconf 84' lang='lat'><strong>115</strong></span> 
     </span>
    </p>
   </div>
   <div class='ocr_carea' id='block_1_2' title="bbox 56 509 954 2596">
    <p class='ocr_par' dir='ltr' id='par_1_2' title="bbox 56 509 954 2596">
     <span class='ocr_line' id='line_1_2' title="bbox 131 509 903 568; baseline 0.001 -17"><span class='ocrx_word' id='word_1_9' title='bbox 131 509 231 551; x_wconf 82' lang='lat' dir='ltr'><strong>Exanimis</strong></span> <span class='ocrx_word' id='word_1_10' title='bbox 240 509 361 552; x_wconf 77' lang='lat' dir='ltr'><strong>Theobaldus</strong></span> <span class='ocrx_word' id='word_1_11' title='bbox 371 527 393 553; x_wconf 87' lang='lat' dir='ltr'><strong>ex</strong></span> <span class='ocrx_word' id='word_1_12' title='bbox 403 528 452 568; x_wconf 90' lang='lat' dir='ltr'><strong>equo</strong></span> <span class='ocrx_word' id='word_1_13' title='bbox 462 513 507 554; x_wconf 83' lang='lat' dir='ltr'><strong>cdrn</strong></span> <span class='ocrx_word' id='word_1_14' title='bbox 516 513 592 561; x_wconf 87' lang='lat' dir='ltr'><strong>ruisset,</strong></span> <span class='ocrx_word' id='word_1_15' title='bbox 602 511 664 551; x_wconf 74' lang='lat' dir='ltr'><strong>Burri</strong></span> <span class='ocrx_word' id='word_1_16' title='bbox 672 511 721 551; x_wconf 86' lang='lat' dir='ltr'><strong>vado</strong></span> <span class='ocrx_word' id='word_1_17' title='bbox 735 510 819 561; x_wconf 72' lang='lat' dir='ltr'><strong>cedunt,</strong></span> <span class='ocrx_word' id='word_1_18' title='bbox 834 510 903 552; x_wconf 87' lang='lat' dir='ltr'><strong>deinde</strong></span> 
     </span>
     <span class='ocr_line' id='line_1_3' title="bbox 130 564 902 621; baseline 0 -16"><span class='ocrx_word' id='word_1_19' title='bbox 130 565 143 606; x_wconf 88' lang='lat' dir='ltr'><strong>J</strong></span> <span class='ocrx_word' id='word_1_20' title='bbox 144 566 194 606; x_wconf 90' lang='lat' dir='ltr'><strong>aimo</strong></span> <span class='ocrx_word' id='word_1_21' title='bbox 204 568 285 617; x_wconf 85' lang='lat' dir='ltr'><strong>urgente</strong></span> <span class='ocrx_word' id='word_1_22' title='bbox 294 580 314 607; x_wconf 92' lang='lat' dir='ltr'><strong>se</strong></span> <span class='ocrx_word' id='word_1_23' title='bbox 323 567 374 621; x_wconf 85' lang='lat' dir='ltr'><strong>fugae</strong></span> <span class='ocrx_word' id='word_1_24' title='bbox 383 569 483 610; x_wconf 86' lang='lat' dir='ltr'><strong>mandant.¹</strong></span> <span class='ocrx_word' id='word_1_25' title='bbox 492 567 611 620; x_wconf 72' lang='lat' dir='ltr'><strong>lugientum</strong></span> <span class='ocrx_word' id='word_1_26' title='bbox 616 567 675 619; x_wconf 87' lang='lat' dir='ltr'><strong>tergis</strong></span> <span class='ocrx_word' id='word_1_27' title='bbox 684 566 698 606; x_wconf 85' lang='lat' dir='ltr'><strong>J</strong></span> <span class='ocrx_word' id='word_1_28' title='bbox 698 566 760 606; x_wconf 87' lang='lat' dir='ltr'><strong>aimus</strong></span> <span class='ocrx_word' id='word_1_29' title='bbox 770 566 834 607; x_wconf 86' lang='lat' dir='ltr'><strong>haeret.</strong></span> <span class='ocrx_word' id='word_1_30' title='bbox 850 564 902 606; x_wconf 88' lang='lat' dir='ltr'><strong>Peri-</strong></span> 
     </span>
     <span class='ocr_line' id='line_1_4' title="bbox 130 620 902 671; baseline -0.001 -10"><span class='ocrx_word' id='word_1_31' title='bbox 130 624 187 661; x_wconf 88' lang='lat' dir='ltr'><strong>erunt</strong></span> <span class='ocrx_word' id='word_1_32' title='bbox 197 634 220 660; x_wconf 85' lang='lat' dir='ltr'><strong>ex</strong></span> <span class='ocrx_word' id='word_1_33' title='bbox 229 620 300 661; x_wconf 84' lang='lat' dir='ltr'><strong>Burkis</strong></span> <span class='ocrx_word' id='word_1_34' title='bbox 311 636 355 663; x_wconf 82' lang='lat' dir='ltr'><strong>curn</strong></span> <span class='ocrx_word' id='word_1_35' title='bbox 368 623 479 665; x_wconf 79' lang='lat' dir='ltr'><strong>Theobaldo</strong></span> <span class='ocrx_word' id='word_1_36' title='bbox 494 623 549 671; x_wconf 91' lang='lat' dir='ltr'><strong>duce,</strong></span> <span class='ocrx_word' id='word_1_37' title='bbox 565 634 612 662; x_wconf 88' lang='lat' dir='ltr'><strong>snus</strong></span> <span class='ocrx_word' id='word_1_38' title='bbox 628 621 686 661; x_wconf 83' lang='lat' dir='ltr'><strong>frater</strong></span> <span class='ocrx_word' id='word_1_39' title='bbox 696 621 790 661; x_wconf 82' lang='lat' dir='ltr'><strong>Ricardns</strong></span> <span class='ocrx_word' id='word_1_40' title='bbox 799 625 818 661; x_wconf 93' lang='lat' dir='ltr'><strong>et</strong></span> <span class='ocrx_word' id='word_1_41' title='bbox 828 620 902 661; x_wconf 72' lang='lat' dir='ltr'><strong>Guiich</strong></span> 
     </span>
     <span class='ocr_line' id='line_1_5' title="bbox 129 674 902 734; baseline 0.001 -19"><span class='ocrx_word' id='word_1_42' title='bbox 129 689 173 715; x_wconf 88' lang='lat' dir='ltr'><strong>mus</strong></span> <span class='ocrx_word' id='word_1_43' title='bbox 189 674 268 716; x_wconf 83' lang='lat' dir='ltr'><strong>Borkus</strong></span> <span class='ocrx_word' id='word_1_44' title='bbox 284 690 348 730; x_wconf 87' lang='lat' dir='ltr'><strong>eques.</strong></span> <span class='ocrx_word' id='word_1_45' title='bbox 376 678 454 734; x_wconf 86' lang='lat' dir='ltr'><strong>Ulligus</strong></span> <span class='ocrx_word' id='word_1_46' title='bbox 471 690 549 731; x_wconf 90' lang='lat' dir='ltr'><strong>quoqne</strong></span> <span class='ocrx_word' id='word_1_47' title='bbox 564 677 623 717; x_wconf 81' lang='lat' dir='ltr'><strong>frater</strong></span> <span class='ocrx_word' id='word_1_48' title='bbox 639 676 707 716; x_wconf 89' lang='lat' dir='ltr'><strong>tertius</strong></span> <span class='ocrx_word' id='word_1_49' title='bbox 721 676 816 717; x_wconf 74' lang='lat' dir='ltr'>lethaliter</span> <span class='ocrx_word' id='word_1_50' title='bbox 826 676 902 716; x_wconf 87' lang='lat' dir='ltr'><strong>saucius</strong></span> 
     </span>
     <span class='ocr_line' id='line_1_6' title="bbox 129 730 902 786; baseline 0.001 -16"><span class='ocrx_word' id='word_1_51' title='bbox 129 731 227 771; x_wconf 70' lang='lat' dir='ltr'><strong>sternitur.</strong></span> <span class='ocrx_word' id='word_1_52' title='bbox 255 730 359 773; x_wconf 82' lang='lat' dir='ltr'><strong>Edmnndo</strong></span> <span class='ocrx_word' id='word_1_53' title='bbox 369 733 503 775; x_wconf 86' lang='lat' dir='ltr'><strong>O&#39;Meln&#39;anno</strong></span> <span class='ocrx_word' id='word_1_54' title='bbox 513 732 578 786; x_wconf 85' lang='lat' dir='ltr'><strong>equite</strong></span> <span class='ocrx_word' id='word_1_55' title='bbox 593 731 661 772; x_wconf 86' lang='lat' dir='ltr'><strong>oculus</strong></span> <span class='ocrx_word' id='word_1_56' title='bbox 672 730 765 785; x_wconf 86' lang='lat' dir='ltr'><strong>eripitur:</strong></span> <span class='ocrx_word' id='word_1_57' title='bbox 781 731 866 784; x_wconf 88' lang='lat' dir='ltr'><strong>plerique</strong></span> <span class='ocrx_word' id='word_1_58' title='bbox 871 731 902 771; x_wconf 92' lang='lat' dir='ltr'><strong>vel</strong></span> 
     </span>
     <span class='ocr_line' id='line_1_7' title="bbox 128 784 901 840; baseline 0 -15"><span class='ocrx_word' id='word_1_59' title='bbox 128 785 162 826; x_wconf 89' lang='lat' dir='ltr'><strong>icti</strong></span> <span class='ocrx_word' id='word_1_60' title='bbox 171 786 256 839; x_wconf 79' lang='lat' dir='ltr'><strong>tugiunt,</strong></span> <span class='ocrx_word' id='word_1_61' title='bbox 265 786 296 827; x_wconf 85' lang='lat' dir='ltr'><strong>vel</strong></span> <span class='ocrx_word' id='word_1_62' title='bbox 305 788 382 829; x_wconf 87' lang='lat' dir='ltr'><strong>omnino</strong></span> <span class='ocrx_word' id='word_1_63' title='bbox 398 789 535 830; x_wconf 84' lang='lat' dir='ltr'><strong>desiderantur.</strong></span> <span class='ocrx_word' id='word_1_64' title='bbox 565 787 596 828; x_wconf 78' lang='lat' dir='ltr'><strong>Ex</strong></span> <span class='ocrx_word' id='word_1_65' title='bbox 612 786 672 827; x_wconf 71' lang='lat' dir='ltr'><strong>altera</strong></span> <span class='ocrx_word' id='word_1_66' title='bbox 687 789 743 840; x_wconf 86' lang='lat' dir='ltr'><strong>parte</strong></span> <span class='ocrx_word' id='word_1_67' title='bbox 757 785 832 826; x_wconf 85' lang='lat' dir='ltr'><strong>Jaimus</strong></span> <span class='ocrx_word' id='word_1_68' title='bbox 849 784 901 825; x_wconf 87' lang='lat' dir='ltr'><strong>solus</strong></span> 
     </span>
     <span class='ocr_line' id='line_1_8' title="bbox 127 841 901 898; baseline 0 -17"><span class='ocrx_word' id='word_1_69' title='bbox 127 844 172 881; x_wconf 87' lang='lat' dir='ltr'><strong>ante</strong></span> <span class='ocrx_word' id='word_1_70' title='bbox 189 841 246 881; x_wconf 85' lang='lat' dir='ltr'><strong>horas</strong></span> <span class='ocrx_word' id='word_1_71' title='bbox 261 856 294 882; x_wconf 85' lang='lat' dir='ltr'><strong>sex</strong></span> <span class='ocrx_word' id='word_1_72' title='bbox 310 857 334 883; x_wconf 89' lang='lat' dir='ltr'><strong>ex</strong></span> <span class='ocrx_word' id='word_1_73' title='bbox 349 848 425 898; x_wconf 89' lang='lat' dir='ltr'><strong>accepto</strong></span> <span class='ocrx_word' id='word_1_74' title='bbox 441 843 520 884; x_wconf 88' lang='lat' dir='ltr'><strong>vulnere</strong></span> <span class='ocrx_word' id='word_1_75' title='bbox 533 843 622 891; x_wconf 84' lang='lat' dir='ltr'><strong>moritur,</strong></span> <span class='ocrx_word' id='word_1_76' title='bbox 631 842 685 896; x_wconf 79' lang='lat' dir='ltr'><strong>prius</strong></span> <span class='ocrx_word' id='word_1_77' title='bbox 700 841 781 894; x_wconf 75' lang='lat' dir='ltr'><strong>expiatis</strong></span> <span class='ocrx_word' id='word_1_78' title='bbox 796 841 901 894; x_wconf 87' lang='lat' dir='ltr'><strong>peccatisa</strong></span> 
     </span>
     <span class='ocr_line' id='line_1_9' title="bbox 127 895 899 949; baseline 0.001 -14"><span class='ocrx_word' id='word_1_79' title='bbox 127 895 231 945; x_wconf 80' lang='lat' dir='ltr'><strong>sacerdote,</strong></span> <span class='ocrx_word' id='word_1_80' title='bbox 252 910 308 949; x_wconf 91' lang='lat' dir='ltr'><strong>quem</strong></span> <span class='ocrx_word' id='word_1_81' title='bbox 326 912 389 939; x_wconf 85' lang='lat' dir='ltr'><strong>seeum</strong></span> <span class='ocrx_word' id='word_1_82' title='bbox 406 898 510 940; x_wconf 58' lang='lat' dir='ltr'><strong>habebatlt</strong></span> <span class='ocrx_word' id='word_1_83' title='bbox 545 896 620 938; x_wconf 87' lang='lat' dir='ltr'><strong>Milites</strong></span> <span class='ocrx_word' id='word_1_84' title='bbox 639 897 749 937; x_wconf 82' lang='lat' dir='ltr'><strong>octodeeem</strong></span> <span class='ocrx_word' id='word_1_85' title='bbox 768 896 899 944; x_wconf 72' lang='lat' dir='ltr'><strong>vulnerantis,</strong></span> 
     </span>
     <span class='ocr_line' id='line_1_10' title="bbox 127 950 953 1008; baseline 0 -18"><span class='ocrx_word' id='word_1_86' title='bbox 127 964 209 1004; x_wconf 88' lang='lat' dir='ltr'><strong>qnorum</strong></span> <span class='ocrx_word' id='word_1_87' title='bbox 238 950 316 993; x_wconf 82' lang='lat' dir='ltr'><strong>Gibbon</strong></span> <span class='ocrx_word' id='word_1_88' title='bbox 335 952 444 995; x_wconf 79' lang='lat' dir='ltr'><strong>Giraldinus</strong></span> <span class='ocrx_word' id='word_1_89' title='bbox 468 957 596 1007; x_wconf 85' lang='lat' dir='ltr'><strong>cognomento</strong></span> <span class='ocrx_word' id='word_1_90' title='bbox 622 952 695 1006; x_wconf 76' lang='lat' dir='ltr'><strong>Nigerss</strong></span> <span class='ocrx_word' id='word_1_91' title='bbox 723 951 829 992; x_wconf 75' lang='lat' dir='ltr'><strong>octodecim</strong></span> <span class='ocrx_word' id='word_1_92' title='bbox 857 950 953 1008; x_wconf 56' lang='lat' dir='ltr'><strong>vid-[95]</strong></span> 
     </span>
     <span class='ocr_line' id='line_1_11' title="bbox 123 1005 900 1061; baseline 0 -16"><span class='ocrx_word' id='word_1_93' title='bbox 123 1005 205 1046; x_wconf 65' lang='lat' dir='ltr'><strong>‘neribus</strong></span> <span class='ocrx_word' id='word_1_94' title='bbox 229 1006 306 1048; x_wconf 80' lang='lat' dir='ltr'><strong>affectus</strong></span> <span class='ocrx_word' id='word_1_95' title='bbox 327 1008 349 1048; x_wconf 89' lang='lat' dir='ltr'><strong>in</strong></span> <span class='ocrx_word' id='word_1_96' title='bbox 371 1009 459 1050; x_wconf 84' lang='lat' dir='ltr'><strong>fruticeto</strong></span> <span class='ocrx_word' id='word_1_97' title='bbox 475 1009 590 1061; x_wconf 74' lang='lat' dir='ltr'><strong>relinquitur</strong></span> <span class='ocrx_word' id='word_1_98' title='bbox 612 1007 725 1057; x_wconf 82' lang='lat' dir='ltr'><strong>absconsus,</strong></span> <span class='ocrx_word' id='word_1_99' title='bbox 740 1007 776 1047; x_wconf 90' lang='lat' dir='ltr'><strong>nbi</strong></span> <span class='ocrx_word' id='word_1_100' title='bbox 795 1006 818 1048; x_wconf 88' lang='lat' dir='ltr'><strong>ab</strong></span> <span class='ocrx_word' id='word_1_101' title='bbox 838 1006 900 1046; x_wconf 85' lang='lat' dir='ltr'><strong>amico</strong></span> 
     </span>
     <span class='ocr_line' id='line_1_12' title="bbox 126 1060 899 1117; baseline 0 -17"><span class='ocrx_word' id='word_1_102' title='bbox 126 1060 216 1115; x_wconf 81' lang='lat' dir='ltr'><strong>chirurgo</strong></span> <span class='ocrx_word' id='word_1_103' title='bbox 233 1061 281 1102; x_wconf 88' lang='lat' dir='ltr'><strong>clam</strong></span> <span class='ocrx_word' id='word_1_104' title='bbox 297 1066 380 1113; x_wconf 87' lang='lat' dir='ltr'><strong>curatur,</strong></span> <span class='ocrx_word' id='word_1_105' title='bbox 398 1064 431 1117; x_wconf 89' lang='lat' dir='ltr'><strong>qui</strong></span> <span class='ocrx_word' id='word_1_106' title='bbox 447 1076 492 1104; x_wconf 91' lang='lat' dir='ltr'><strong>cum</strong></span> <span class='ocrx_word' id='word_1_107' title='bbox 509 1062 623 1112; x_wconf 81' lang='lat' dir='ltr'><strong>discedebat,</strong></span> <span class='ocrx_word' id='word_1_108' title='bbox 638 1062 695 1116; x_wconf 91' lang='lat' dir='ltr'><strong>lupus</strong></span> <span class='ocrx_word' id='word_1_109' title='bbox 706 1076 730 1103; x_wconf 89' lang='lat' dir='ltr'><strong>ex</strong></span> <span class='ocrx_word' id='word_1_110' title='bbox 739 1062 797 1115; x_wconf 79' lang='lat' dir='ltr'><strong>sylvis</strong></span> <span class='ocrx_word' id='word_1_111' title='bbox 807 1061 899 1115; x_wconf 84' lang='lat' dir='ltr'><strong>proximis</strong></span> 
     </span>
     <span class='ocr_line' id='line_1_13' title="bbox 126 1115 898 1172; baseline 0.001 -17"><span class='ocrx_word' id='word_1_112' title='bbox 126 1116 204 1156; x_wconf 91' lang='lat' dir='ltr'><strong>veniens</strong></span> <span class='ocrx_word' id='word_1_113' title='bbox 214 1119 276 1157; x_wconf 84' lang='lat' dir='ltr'><strong>vetera</strong></span> <span class='ocrx_word' id='word_1_114' title='bbox 286 1121 305 1157; x_wconf 91' lang='lat' dir='ltr'><strong>et</strong></span> <span class='ocrx_word' id='word_1_115' title='bbox 314 1118 383 1171; x_wconf 82' lang='lat' dir='ltr'><strong>rejecta</strong></span> <span class='ocrx_word' id='word_1_116' title='bbox 392 1118 499 1172; x_wconf 87' lang='lat' dir='ltr'><strong>amplastra,</strong></span> <span class='ocrx_word' id='word_1_117' title='bbox 506 1131 559 1171; x_wconf 88' lang='lat' dir='ltr'><strong>pure,</strong></span> <span class='ocrx_word' id='word_1_118' title='bbox 568 1118 698 1170; x_wconf 81' lang='lat' dir='ltr'><strong>sanguineque</strong></span> <span class='ocrx_word' id='word_1_119' title='bbox 707 1117 779 1158; x_wconf 84' lang='lat' dir='ltr'><strong>intecta</strong></span> <span class='ocrx_word' id='word_1_120' title='bbox 788 1115 898 1165; x_wconf 74' lang='lat' dir='ltr'><strong>mandabat,</strong></span> 
     </span>
     <span class='ocr_line' id='line_1_14' title="bbox 126 1170 898 1226; baseline 0.001 -16"><span class='ocrx_word' id='word_1_121' title='bbox 126 1170 237 1212; x_wconf 86' lang='lat' dir='ltr'><strong>derelictum</strong></span> <span class='ocrx_word' id='word_1_122' title='bbox 247 1186 321 1225; x_wconf 77' lang='lat' dir='ltr'><strong>regrum</strong></span> <span class='ocrx_word' id='word_1_123' title='bbox 330 1187 435 1226; x_wconf 76' lang='lat' dir='ltr'><strong>numquam</strong></span> <span class='ocrx_word' id='word_1_124' title='bbox 445 1186 551 1226; x_wconf 79' lang='lat' dir='ltr'><strong>aggressus.</strong></span> <span class='ocrx_word' id='word_1_125' title='bbox 580 1171 650 1212; x_wconf 75' lang='lat' dir='ltr'><strong>(laeteri</strong></span> <span class='ocrx_word' id='word_1_126' title='bbox 657 1176 761 1225; x_wconf 86' lang='lat' dir='ltr'><strong>postquam</strong></span> <span class='ocrx_word' id='word_1_127' title='bbox 771 1172 839 1212; x_wconf 89' lang='lat' dir='ltr'><strong>ducem</strong></span> <span class='ocrx_word' id='word_1_128' title='bbox 849 1171 898 1211; x_wconf 79' lang='lat' dir='ltr'><strong>Gad-</strong></span> 
     </span>
     <span class='ocr_line' id='line_1_15' title="bbox 126 1226 898 1280; baseline 0.001 -15"><span class='ocrx_word' id='word_1_129' title='bbox 126 1238 168 1266; x_wconf 93' lang='lat' dir='ltr'><strong>meo</strong></span> <span class='ocrx_word' id='word_1_130' title='bbox 178 1227 280 1267; x_wconf 86' lang='lat' dir='ltr'><strong>certamine</strong></span> <span class='ocrx_word' id='word_1_131' title='bbox 293 1228 385 1267; x_wconf 86' lang='lat' dir='ltr'><strong>amissum</strong></span> <span class='ocrx_word' id='word_1_132' title='bbox 401 1228 535 1280; x_wconf 79' lang='lat' dir='ltr'><strong>sepeliverunt,</strong></span> <span class='ocrx_word' id='word_1_133' title='bbox 546 1227 569 1266; x_wconf 90' lang='lat' dir='ltr'><strong>ad</strong></span> <span class='ocrx_word' id='word_1_134' title='bbox 580 1226 593 1266; x_wconf 89' lang='lat' dir='ltr'><strong>J</strong></span> <span class='ocrx_word' id='word_1_135' title='bbox 594 1226 687 1266; x_wconf 87' lang='lat' dir='ltr'><strong>ohannem</strong></span> <span class='ocrx_word' id='word_1_136' title='bbox 705 1226 827 1267; x_wconf 79' lang='lat' dir='ltr'><strong>Giraldinum</strong></span> <span class='ocrx_word' id='word_1_137' title='bbox 835 1240 898 1266; x_wconf 88' lang='lat' dir='ltr'><strong>rever-</strong></span> 
     </span>
     <span class='ocr_line' id='line_1_16' title="bbox 125 1280 898 1322; baseline 0.001 -2"><span class='ocrx_word' id='word_1_138' title='bbox 125 1284 199 1321; x_wconf 86' lang='lat' dir='ltr'><strong>tuntur.</strong></span> <span class='ocrx_word' id='word_1_139' title='bbox 229 1280 259 1321; x_wconf 89' lang='lat' dir='ltr'><strong>Ob</strong></span> <span class='ocrx_word' id='word_1_140' title='bbox 269 1282 322 1322; x_wconf 88' lang='lat' dir='ltr'><strong>hunc</strong></span> <span class='ocrx_word' id='word_1_141' title='bbox 337 1296 402 1322; x_wconf 86' lang='lat' dir='ltr'><strong>casum</strong></span> <span class='ocrx_word' id='word_1_142' title='bbox 417 1281 564 1322; x_wconf 79' lang='lat' dir='ltr'><strong>Castelconnelli</strong></span> <span class='ocrx_word' id='word_1_143' title='bbox 579 1280 668 1320; x_wconf 88' lang='lat' dir='ltr'><strong>dominus</strong></span> <span class='ocrx_word' id='word_1_144' title='bbox 678 1281 764 1321; x_wconf 75' lang='lat' dir='ltr'><strong>detmari</strong></span> <span class='ocrx_word' id='word_1_145' title='bbox 780 1295 898 1322; x_wconf 85' lang='lat' dir='ltr'><strong>suecessora</strong></span> 
     </span>
     <span class='ocr_line' id='line_1_17' title="bbox 124 1335 387 1389; baseline 0.008 -15"><span class='ocrx_word' id='word_1_146' title='bbox 124 1336 191 1389; x_wconf 73' lang='lat' dir='ltr'><strong>regina</strong></span> <span class='ocrx_word' id='word_1_147' title='bbox 200 1335 246 1376; x_wconf 90' lang='lat' dir='ltr'><strong>baro</strong></span> <span class='ocrx_word' id='word_1_148' title='bbox 255 1340 336 1376; x_wconf 88' lang='lat' dir='ltr'><strong>creatur.</strong></span> <span class='ocrx_word' id='word_1_149' title='bbox 386 1382 387 1385; x_wconf 11' lang='grc' dir='ltr'><strong>Ἴ</strong></span> 
     </span>
     <span class='ocr_line' id='line_1_18' title="bbox 152 1388 898 1442; baseline -0.003 -11"><span class='ocrx_word' id='word_1_150' title='bbox 152 1390 232 1431; x_wconf 87' lang='lat' dir='ltr'><strong>Nuncio</strong></span> <span class='ocrx_word' id='word_1_151' title='bbox 248 1390 329 1430; x_wconf 74' lang='lat' dir='ltr'><strong>extincti</strong></span> <span class='ocrx_word' id='word_1_152' title='bbox 346 1389 404 1429; x_wconf 73' lang='lat' dir='ltr'><strong>taini</strong></span> <span class='ocrx_word' id='word_1_153' title='bbox 421 1389 485 1437; x_wconf 88' lang='lat' dir='ltr'><strong>allato,</strong></span> <span class='ocrx_word' id='word_1_154' title='bbox 502 1388 588 1442; x_wconf 73' lang='lat' dir='ltr'><strong>plerique</strong></span> <span class='ocrx_word' id='word_1_155' title='bbox 597 1388 664 1429; x_wconf 77' lang='lat' dir='ltr'><strong>lberni</strong></span> <span class='ocrx_word' id='word_1_156' title='bbox 673 1390 714 1442; x_wconf 70' lang='lat' dir='ltr'><strong>ejus</strong></span> <span class='ocrx_word' id='word_1_157' title='bbox 724 1389 846 1429; x_wconf 89' lang='lat' dir='ltr'><strong>consiliorum</strong></span> <span class='ocrx_word' id='word_1_158' title='bbox 855 1404 898 1442; x_wconf 85' lang='lat' dir='ltr'><strong>par-</strong></span> 
     </span>
     <span class='ocr_line' id='line_1_19' title="bbox 124 1443 898 1497; baseline -0.001 -13"><span class='ocrx_word' id='word_1_159' title='bbox 124 1445 192 1497; x_wconf 89' lang='lat' dir='ltr'><strong>ticipes</strong></span> <span class='ocrx_word' id='word_1_160' title='bbox 208 1458 242 1497; x_wconf 89' lang='lat' dir='ltr'><strong>spe</strong></span> <span class='ocrx_word' id='word_1_161' title='bbox 258 1444 347 1485; x_wconf 86' lang='lat' dir='ltr'><strong>destituti</strong></span> <span class='ocrx_word' id='word_1_162' title='bbox 362 1458 413 1484; x_wconf 85' lang='lat' dir='ltr'><strong>arma</strong></span> <span class='ocrx_word' id='word_1_163' title='bbox 428 1444 523 1484; x_wconf 87' lang='lat' dir='ltr'><strong>movenda</strong></span> <span class='ocrx_word' id='word_1_164' title='bbox 538 1445 649 1483; x_wconf 87' lang='lat' dir='ltr'><strong>omiserunt.</strong></span> <span class='ocrx_word' id='word_1_165' title='bbox 679 1443 802 1484; x_wconf 82' lang='lat' dir='ltr'><strong>Sebastianus</strong></span> <span class='ocrx_word' id='word_1_166' title='bbox 817 1444 855 1484; x_wconf 76' lang='lat' dir='ltr'><strong>San</strong></span> <span class='ocrx_word' id='word_1_167' title='bbox 865 1444 898 1483; x_wconf 83' lang='lat' dir='ltr'><strong>Jo-</strong></span> 
     </span>
     <span class='ocr_line' id='line_1_20' title="bbox 89 1497 897 1552; baseline 0 -13"><span class='ocrx_word' id='word_1_168' title='bbox 89 1539 91 1543; x_wconf 74' lang='grc'>,</span> <span class='ocrx_word' id='word_1_169' title='bbox 124 1500 194 1552; x_wconf 89' lang='lat' dir='ltr'><strong>sephus</strong></span> <span class='ocrx_word' id='word_1_170' title='bbox 210 1499 273 1539; x_wconf 90' lang='lat' dir='ltr'><strong>animo</strong></span> <span class='ocrx_word' id='word_1_171' title='bbox 289 1497 366 1552; x_wconf 85' lang='lat' dir='ltr'><strong>perritus</strong></span> <span class='ocrx_word' id='word_1_172' title='bbox 381 1501 520 1539; x_wconf 83' lang='lat' dir='ltr'><strong>consternatur.</strong></span> <span class='ocrx_word' id='word_1_173' title='bbox 549 1497 610 1552; x_wconf 81' lang='lat' dir='ltr'><strong>Angli</strong></span> <span class='ocrx_word' id='word_1_174' title='bbox 624 1501 690 1539; x_wconf 90' lang='lat' dir='ltr'><strong>contra</strong></span> <span class='ocrx_word' id='word_1_175' title='bbox 706 1498 781 1539; x_wconf 89' lang='lat' dir='ltr'><strong>animos</strong></span> <span class='ocrx_word' id='word_1_176' title='bbox 791 1498 897 1539; x_wconf 81' lang='lat' dir='ltr'><strong>extollunt:</strong></span> 
     </span>
     <span class='ocr_line' id='line_1_21' title="bbox 124 1552 897 1606; baseline 0 -13"><span class='ocrx_word' id='word_1_177' title='bbox 124 1553 195 1593; x_wconf 83' lang='lat' dir='ltr'><strong>auxilia</strong></span> <span class='ocrx_word' id='word_1_178' title='bbox 211 1556 280 1606; x_wconf 89' lang='lat' dir='ltr'><strong>petunt</strong></span> <span class='ocrx_word' id='word_1_179' title='bbox 295 1568 320 1593; x_wconf 83' lang='lat' dir='ltr'><strong>ex</strong></span> <span class='ocrx_word' id='word_1_180' title='bbox 336 1552 413 1606; x_wconf 74' lang='lat' dir='ltr'><strong>anglia.</strong></span> <span class='ocrx_word' id='word_1_181' title='bbox 449 1553 524 1606; x_wconf 79' lang='lat' dir='ltr'><strong>Regina</strong></span> <span class='ocrx_word' id='word_1_182' title='bbox 542 1554 693 1606; x_wconf 84' lang='lat' dir='ltr'><strong>persecutionem</strong></span> <span class='ocrx_word' id='word_1_183' title='bbox 713 1553 819 1593; x_wconf 86' lang='lat' dir='ltr'><strong>diminuere</strong></span> <span class='ocrx_word' id='word_1_184' title='bbox 835 1553 897 1606; x_wconf 81' lang='lat' dir='ltr'><strong>jubet.</strong></span> 
     </span>
     <span class='ocr_line' id='line_1_22' title="bbox 123 1607 898 1658; baseline 0 -10"><span class='ocrx_word' id='word_1_185' title='bbox 123 1607 239 1648; x_wconf 82' lang='lat' dir='ltr'><strong>Ibernornm</strong></span> <span class='ocrx_word' id='word_1_186' title='bbox 255 1608 329 1648; x_wconf 89' lang='lat' dir='ltr'><strong>animos</strong></span> <span class='ocrx_word' id='word_1_187' title='bbox 339 1608 433 1649; x_wconf 85' lang='lat' dir='ltr'><strong>solicitat:</strong></span> <span class='ocrx_word' id='word_1_188' title='bbox 448 1608 528 1648; x_wconf 78' lang='lat' dir='ltr'><strong>Thomae</strong></span> <span class='ocrx_word' id='word_1_189' title='bbox 544 1608 633 1648; x_wconf 87' lang='lat' dir='ltr'><strong>Buttlero</strong></span> <span class='ocrx_word' id='word_1_190' title='bbox 647 1609 713 1649; x_wconf 88' lang='lat' dir='ltr'><strong>comiti</strong></span> <span class='ocrx_word' id='word_1_191' title='bbox 727 1607 832 1658; x_wconf 85' lang='lat' dir='ltr'><strong>Urmoniae,</strong></span> <span class='ocrx_word' id='word_1_192' title='bbox 848 1608 898 1648; x_wconf 89' lang='lat' dir='ltr'><strong>Des-</strong></span> 
     </span>
     <span class='ocr_line' id='line_1_23' title="bbox 124 1662 899 1716; baseline -0.001 -13"><span class='ocrx_word' id='word_1_193' title='bbox 124 1663 194 1703; x_wconf 85' lang='lat' dir='ltr'><strong>moniae</strong></span> <span class='ocrx_word' id='word_1_194' title='bbox 214 1663 327 1703; x_wconf 90' lang='lat' dir='ltr'><strong>comitatum</strong></span> <span class='ocrx_word' id='word_1_195' title='bbox 342 1662 427 1715; x_wconf 87' lang='lat' dir='ltr'><strong>pollicita</strong></span> <span class='ocrx_word' id='word_1_196' title='bbox 443 1663 502 1704; x_wconf 84' lang='lat' dir='ltr'><strong>luisse</strong></span> <span class='ocrx_word' id='word_1_197' title='bbox 518 1664 584 1713; x_wconf 84' lang='lat' dir='ltr'><strong>fertur,</strong></span> <span class='ocrx_word' id='word_1_198' title='bbox 595 1664 611 1703; x_wconf 88' lang='lat' dir='ltr'><strong>si</strong></span> <span class='ocrx_word' id='word_1_199' title='bbox 626 1663 684 1716; x_wconf 71' lang='lat' dir='ltr'><strong>quam</strong></span> <span class='ocrx_word' id='word_1_200' title='bbox 699 1662 796 1704; x_wconf 74' lang='lat' dir='ltr'><strong>celerrime</strong></span> <span class='ocrx_word' id='word_1_201' title='bbox 811 1663 899 1704; x_wconf 85' lang='lat' dir='ltr'><strong>conficiat</strong></span> 
     </span>
     <span class='ocr_line' id='line_1_24' title="bbox 56 1717 897 1772; baseline -0.001 -13"><span class='ocrx_word' id='word_1_202' title='bbox 56 1755 58 1759; x_wconf 79' lang='grc'>,</span> <span class='ocrx_word' id='word_1_203' title='bbox 123 1717 202 1758; x_wconf 89' lang='lat' dir='ltr'><strong>bellum.</strong></span> <span class='ocrx_word' id='word_1_204' title='bbox 231 1717 343 1772; x_wconf 78' lang='lat' dir='ltr'><strong>Eugenium</strong></span> <span class='ocrx_word' id='word_1_205' title='bbox 352 1717 502 1759; x_wconf 80' lang='lat' dir='ltr'><strong>O&#39;Sullevanum</strong></span> <span class='ocrx_word' id='word_1_206' title='bbox 511 1718 800 1772; x_wconf 86' lang='lat' dir='ltr'><strong>Bearraeprincipempatruum</strong></span> <span class='ocrx_word' id='word_1_207' title='bbox 811 1720 897 1767; x_wconf 86' lang='lat' dir='ltr'><strong>meum,†</strong></span> 
     </span>
     <span class='ocr_line' id='line_1_25' title="bbox 124 1771 897 1826; baseline 0.003 -14"><span class='ocrx_word' id='word_1_208' title='bbox 124 1786 181 1826; x_wconf 90' lang='lat' dir='ltr'><strong>quem</strong></span> <span class='ocrx_word' id='word_1_209' title='bbox 190 1773 212 1814; x_wconf 89' lang='lat' dir='ltr'><strong>in</strong></span> <span class='ocrx_word' id='word_1_210' title='bbox 220 1771 293 1813; x_wconf 89' lang='lat' dir='ltr'><strong>bellum</strong></span> <span class='ocrx_word' id='word_1_211' title='bbox 309 1773 464 1826; x_wconf 83' lang='lat' dir='ltr'><strong>conspiratorum</strong></span> <span class='ocrx_word' id='word_1_212' title='bbox 477 1773 563 1823; x_wconf 88' lang='lat' dir='ltr'><strong>timebat,</strong></span> <span class='ocrx_word' id='word_1_213' title='bbox 578 1774 700 1826; x_wconf 85' lang='lat' dir='ltr'><strong>inopinanter</strong></span> <span class='ocrx_word' id='word_1_214' title='bbox 709 1774 795 1813; x_wconf 88' lang='lat' dir='ltr'><strong>vinctum</strong></span> <span class='ocrx_word' id='word_1_215' title='bbox 805 1773 897 1814; x_wconf 77' lang='lat' dir='ltr'><strong>custodia</strong></span> 
     </span>
     <span class='ocr_line' id='line_1_26' title="bbox 123 1827 897 1881; baseline 0.001 -14"><span class='ocrx_word' id='word_1_216' title='bbox 123 1827 208 1878; x_wconf 76' lang='lat' dir='ltr'><strong>mandat,</strong></span> <span class='ocrx_word' id='word_1_217' title='bbox 218 1842 254 1868; x_wconf 88' lang='lat' dir='ltr'><strong>nec</strong></span> <span class='ocrx_word' id='word_1_218' title='bbox 268 1832 313 1868; x_wconf 89' lang='lat' dir='ltr'><strong>ante</strong></span> <span class='ocrx_word' id='word_1_219' title='bbox 328 1828 405 1868; x_wconf 87' lang='lat' dir='ltr'><strong>finitum</strong></span> <span class='ocrx_word' id='word_1_220' title='bbox 422 1828 494 1869; x_wconf 89' lang='lat' dir='ltr'><strong>bellum</strong></span> <span class='ocrx_word' id='word_1_221' title='bbox 509 1828 587 1878; x_wconf 83' lang='lat' dir='ltr'><strong>dimisit,</strong></span> <span class='ocrx_word' id='word_1_222' title='bbox 597 1829 618 1868; x_wconf 90' lang='lat' dir='ltr'><strong>in</strong></span> <span class='ocrx_word' id='word_1_223' title='bbox 627 1828 718 1869; x_wconf 78' lang='lat' dir='ltr'><strong>Dumbet</strong></span> <span class='ocrx_word' id='word_1_224' title='bbox 727 1843 768 1869; x_wconf 85' lang='lat' dir='ltr'><strong>aree</strong></span> <span class='ocrx_word' id='word_1_225' title='bbox 778 1828 897 1881; x_wconf 70' lang='lat' dir='ltr'><strong>principatus</strong></span> 
     </span>
     <span class='ocr_line' id='line_1_27' title="bbox 122 1882 897 1937; baseline 0 -15"><span class='ocrx_word' id='word_1_226' title='bbox 122 1882 181 1932; x_wconf 89' lang='lat' dir='ltr'><strong>illius,</strong></span> <span class='ocrx_word' id='word_1_227' title='bbox 192 1882 254 1936; x_wconf 85' lang='lat' dir='ltr'><strong>capite</strong></span> <span class='ocrx_word' id='word_1_228' title='bbox 263 1882 352 1936; x_wconf 74' lang='lat' dir='ltr'><strong>prasidio</strong></span> <span class='ocrx_word' id='word_1_229' title='bbox 358 1883 450 1924; x_wconf 88' lang='lat' dir='ltr'><strong>collocato</strong></span> <span class='ocrx_word' id='word_1_230' title='bbox 464 1883 552 1924; x_wconf 83' lang='lat' dir='ltr'><strong>Fcntone</strong></span> <span class='ocrx_word' id='word_1_231' title='bbox 561 1882 633 1936; x_wconf 81' lang='lat' dir='ltr'><strong>Anglo.</strong></span> <span class='ocrx_word' id='word_1_232' title='bbox 661 1884 731 1937; x_wconf 83' lang='lat' dir='ltr'><strong>Itaque</strong></span> <span class='ocrx_word' id='word_1_233' title='bbox 741 1883 810 1923; x_wconf 78' lang='lat' dir='ltr'><strong>Greius</strong></span> <span class='ocrx_word' id='word_1_234' title='bbox 820 1883 897 1936; x_wconf 79' lang='lat' dir='ltr'><strong>Anglus</strong></span> 
     </span>
     <span class='ocr_line' id='line_1_28' title="bbox 123 1936 899 1991; baseline 0.001 -14"><span class='ocrx_word' id='word_1_235' title='bbox 123 1936 207 1978; x_wconf 86' lang='lat' dir='ltr'><strong>Iberniae</strong></span> <span class='ocrx_word' id='word_1_236' title='bbox 216 1951 284 1990; x_wconf 89' lang='lat' dir='ltr'><strong>prorex</strong></span> <span class='ocrx_word' id='word_1_237' title='bbox 294 1951 339 1978; x_wconf 87' lang='lat' dir='ltr'><strong>cum</strong></span> <span class='ocrx_word' id='word_1_238' title='bbox 349 1937 442 1979; x_wconf 84' lang='lat' dir='ltr'><strong>Urmouio</strong></span> <span class='ocrx_word' id='word_1_239' title='bbox 453 1938 528 1988; x_wconf 86' lang='lat' dir='ltr'><strong>comite,</strong></span> <span class='ocrx_word' id='word_1_240' title='bbox 539 1939 618 1991; x_wconf 86' lang='lat' dir='ltr'><strong>aliisque</strong></span> <span class='ocrx_word' id='word_1_241' title='bbox 634 1938 757 1979; x_wconf 78' lang='lat' dir='ltr'><strong>auxiliaribus</strong></span> <span class='ocrx_word' id='word_1_242' title='bbox 767 1938 842 1979; x_wconf 80' lang='lat' dir='ltr'><strong>lbernis</strong></span> <span class='ocrx_word' id='word_1_243' title='bbox 852 1938 899 1978; x_wconf 86' lang='lat' dir='ltr'><strong>alio-</strong></span> 
     </span>
     <span class='ocr_line' id='line_1_29' title="bbox 123 1991 898 2047; baseline 0.001 -15"><span class='ocrx_word' id='word_1_244' title='bbox 123 1993 171 2045; x_wconf 88' lang='lat' dir='ltr'><strong>quin</strong></span> <span class='ocrx_word' id='word_1_245' title='bbox 180 1992 290 2042; x_wconf 83' lang='lat' dir='ltr'><strong>Catholicis,</strong></span> <span class='ocrx_word' id='word_1_246' title='bbox 305 1991 387 2033; x_wconf 76' lang='lat' dir='ltr'><strong>maxime</strong></span> <span class='ocrx_word' id='word_1_247' title='bbox 402 1992 554 2047; x_wconf 85' lang='lat' dir='ltr'><strong>Anglo-Ibernis</strong></span> <span class='ocrx_word' id='word_1_248' title='bbox 564 1993 646 2033; x_wconf 88' lang='lat' dir='ltr'><strong>Midhiis</strong></span> <span class='ocrx_word' id='word_1_249' title='bbox 656 1997 675 2033; x_wconf 92' lang='lat' dir='ltr'><strong>et</strong></span> <span class='ocrx_word' id='word_1_250' title='bbox 684 1993 755 2046; x_wconf 86' lang='lat' dir='ltr'><strong>Anglis</strong></span> <span class='ocrx_word' id='word_1_251' title='bbox 766 1994 812 2043; x_wconf 89' lang='lat' dir='ltr'><strong>suis,</strong></span> <span class='ocrx_word' id='word_1_252' title='bbox 823 1993 898 2034; x_wconf 87' lang='lat' dir='ltr'><strong>circiter</strong></span> 
     </span>
     <span class='ocr_line' id='line_1_30' title="bbox 122 2047 897 2102; baseline 0.001 -16"><span class='ocrx_word' id='word_1_253' title='bbox 122 2047 181 2097; x_wconf 86' lang='lat' dir='ltr'><strong>mille,</strong></span> <span class='ocrx_word' id='word_1_254' title='bbox 192 2047 346 2101; x_wconf 83' lang='lat' dir='ltr'><strong>quingentosque</strong></span> <span class='ocrx_word' id='word_1_255' title='bbox 355 2047 424 2088; x_wconf 89' lang='lat' dir='ltr'><strong>milites</strong></span> <span class='ocrx_word' id='word_1_256' title='bbox 434 2052 537 2100; x_wconf 90' lang='lat' dir='ltr'><strong>comparat,</strong></span> <span class='ocrx_word' id='word_1_257' title='bbox 548 2048 611 2102; x_wconf 87' lang='lat' dir='ltr'><strong>copias</strong></span> <span class='ocrx_word' id='word_1_258' title='bbox 621 2048 699 2089; x_wconf 76' lang='lat' dir='ltr'><strong>minime</strong></span> <span class='ocrx_word' id='word_1_259' title='bbox 709 2047 780 2088; x_wconf 85' lang='lat' dir='ltr'><strong>validas</strong></span> <span class='ocrx_word' id='word_1_260' title='bbox 790 2048 814 2089; x_wconf 88' lang='lat' dir='ltr'><strong>ad</strong></span> <span class='ocrx_word' id='word_1_261' title='bbox 824 2062 897 2102; x_wconf 88' lang='lat' dir='ltr'><strong>expug-</strong></span> 
     </span>
     <span class='ocr_line' id='line_1_31' title="bbox 122 2102 897 2156; baseline 0.001 -14"><span class='ocrx_word' id='word_1_262' title='bbox 122 2103 220 2142; x_wconf 87' lang='lat' dir='ltr'><strong>nationem</strong></span> <span class='ocrx_word' id='word_1_263' title='bbox 229 2105 288 2143; x_wconf 86' lang='lat' dir='ltr'><strong>tantae</strong></span> <span class='ocrx_word' id='word_1_264' title='bbox 297 2102 415 2152; x_wconf 87' lang='lat' dir='ltr'><strong>munitionis,</strong></span> <span class='ocrx_word' id='word_1_265' title='bbox 423 2107 495 2156; x_wconf 88' lang='lat' dir='ltr'><strong>quanta</strong></span> <span class='ocrx_word' id='word_1_266' title='bbox 502 2106 541 2143; x_wconf 88' lang='lat' dir='ltr'><strong>erat</strong></span> <span class='ocrx_word' id='word_1_267' title='bbox 551 2104 639 2143; x_wconf 85' lang='lat' dir='ltr'><strong>Aureum</strong></span> <span class='ocrx_word' id='word_1_268' title='bbox 647 2104 794 2143; x_wconf 86' lang='lat' dir='ltr'><strong>monimentum.</strong></span> <span class='ocrx_word' id='word_1_269' title='bbox 823 2103 897 2143; x_wconf 78' lang='lat' dir='ltr'><strong>Tamen</strong></span> 
     </span>
     <span class='ocr_line' id='line_1_32' title="bbox 122 2157 896 2207; baseline 0.003 -11"><span class='ocrx_word' id='word_1_270' title='bbox 122 2170 167 2197; x_wconf 91' lang='lat' dir='ltr'><strong>cum</strong></span> <span class='ocrx_word' id='word_1_271' title='bbox 183 2158 221 2198; x_wconf 89' lang='lat' dir='ltr'><strong>illis</strong></span> <span class='ocrx_word' id='word_1_272' title='bbox 238 2161 257 2197; x_wconf 94' lang='lat' dir='ltr'><strong>et</strong></span> <span class='ocrx_word' id='word_1_273' title='bbox 274 2157 350 2198; x_wconf 88' lang='lat' dir='ltr'><strong>duabus</strong></span> <span class='ocrx_word' id='word_1_274' title='bbox 366 2161 398 2198; x_wconf 88' lang='lat' dir='ltr'><strong>aut</strong></span> <span class='ocrx_word' id='word_1_275' title='bbox 413 2158 475 2198; x_wconf 83' lang='lat' dir='ltr'><strong>tribus</strong></span> <span class='ocrx_word' id='word_1_276' title='bbox 489 2157 570 2198; x_wconf 88' lang='lat' dir='ltr'><strong>navibus</strong></span> <span class='ocrx_word' id='word_1_277' title='bbox 585 2158 674 2198; x_wconf 88' lang='lat' dir='ltr'><strong>onerariis</strong></span> <span class='ocrx_word' id='word_1_278' title='bbox 689 2157 822 2199; x_wconf 78' lang='lat' dir='ltr'><strong>Sebastianum</strong></span> <span class='ocrx_word' id='word_1_279' title='bbox 838 2159 896 2207; x_wconf 73' lang='lat' dir='ltr'><strong>terra,</strong></span> 
     </span>
     <span class='ocr_line' id='line_1_33' title="bbox 122 2212 896 2266; baseline 0.001 -15"><span class='ocrx_word' id='word_1_280' title='bbox 122 2212 209 2266; x_wconf 84' lang='lat' dir='ltr'><strong>marique</strong></span> <span class='ocrx_word' id='word_1_281' title='bbox 224 2212 296 2266; x_wconf 88' lang='lat' dir='ltr'><strong>duplici</strong></span> <span class='ocrx_word' id='word_1_282' title='bbox 308 2212 407 2253; x_wconf 88' lang='lat' dir='ltr'><strong>obsidione</strong></span> <span class='ocrx_word' id='word_1_283' title='bbox 415 2213 480 2262; x_wconf 83' lang='lat' dir='ltr'><strong>vallat,</strong></span> <span class='ocrx_word' id='word_1_284' title='bbox 495 2212 593 2266; x_wconf 88' lang='lat' dir='ltr'><strong>dispositis</strong></span> <span class='ocrx_word' id='word_1_285' title='bbox 602 2214 702 2253; x_wconf 88' lang='lat' dir='ltr'><strong>tormentis</strong></span> <span class='ocrx_word' id='word_1_286' title='bbox 720 2226 846 2266; x_wconf 83' lang='lat' dir='ltr'><strong>oppugnans:</strong></span> <span class='ocrx_word' id='word_1_287' title='bbox 862 2227 896 2266; x_wconf 92' lang='lat' dir='ltr'><strong>op-</strong></span> 
     </span>
     <span class='ocr_line' id='line_1_34' title="bbox 121 2267 896 2321; baseline 0.003 -16"><span class='ocrx_word' id='word_1_288' title='bbox 121 2268 260 2319; x_wconf 86' lang='lat' dir='ltr'><strong>pugnationem</strong></span> <span class='ocrx_word' id='word_1_289' title='bbox 270 2268 327 2308; x_wconf 86' lang='lat' dir='ltr'><strong>nihili</strong></span> <span class='ocrx_word' id='word_1_290' title='bbox 341 2267 435 2308; x_wconf 86' lang='lat' dir='ltr'><strong>faciebant</strong></span> <span class='ocrx_word' id='word_1_291' title='bbox 448 2271 606 2321; x_wconf 78' lang='lat' dir='ltr'><strong>propugnatores,</strong></span> <span class='ocrx_word' id='word_1_292' title='bbox 616 2281 656 2307; x_wconf 91' lang='lat' dir='ltr'><strong>non</strong></span> <span class='ocrx_word' id='word_1_293' title='bbox 666 2268 728 2308; x_wconf 90' lang='lat' dir='ltr'><strong>solnm</strong></span> <span class='ocrx_word' id='word_1_294' title='bbox 738 2268 896 2308; x_wconf 88' lang='lat' dir='ltr'><strong>machinamentis</strong></span> 
     </span>
     <span class='ocr_line' id='line_1_35' title="bbox 122 2322 896 2375; baseline 0.004 -15"><span class='ocrx_word' id='word_1_295' title='bbox 122 2324 141 2360; x_wconf 92' lang='lat' dir='ltr'><strong>et</strong></span> <span class='ocrx_word' id='word_1_296' title='bbox 158 2322 216 2361; x_wconf 87' lang='lat' dir='ltr'><strong>armis</strong></span> <span class='ocrx_word' id='word_1_297' title='bbox 233 2322 382 2372; x_wconf 89' lang='lat' dir='ltr'><strong>instructissimi,</strong></span> <span class='ocrx_word' id='word_1_298' title='bbox 393 2323 492 2363; x_wconf 88' lang='lat' dir='ltr'><strong>sedetiam</strong></span> <span class='ocrx_word' id='word_1_299' title='bbox 506 2324 575 2363; x_wconf 79' lang='lat' dir='ltr'><strong>naturt</strong></span> <span class='ocrx_word' id='word_1_300' title='bbox 586 2322 624 2362; x_wconf 92' lang='lat' dir='ltr'><strong>loci</strong></span> <span class='ocrx_word' id='word_1_301' title='bbox 634 2322 764 2363; x_wconf 86' lang='lat' dir='ltr'><strong>munitissimi.</strong></span> <span class='ocrx_word' id='word_1_302' title='bbox 792 2322 835 2362; x_wconf 83' lang='lat' dir='ltr'><strong>Jam</strong></span> <span class='ocrx_word' id='word_1_303' title='bbox 848 2335 896 2375; x_wconf 91' lang='lat' dir='ltr'><strong>qua-</strong></span> 
     </span>
     <span class='ocr_line' id='line_1_36' title="bbox 122 2375 954 2429; baseline 0.002 -14"><span class='ocrx_word' id='word_1_304' title='bbox 122 2375 210 2429; x_wconf 76' lang='lat' dir='ltr'><strong>draginta</strong></span> <span class='ocrx_word' id='word_1_305' title='bbox 227 2377 301 2418; x_wconf 87' lang='lat' dir='ltr'><strong>circiter</strong></span> <span class='ocrx_word' id='word_1_306' title='bbox 319 2378 372 2429; x_wconf 85' lang='lat' dir='ltr'><strong>dies‡</strong></span> <span class='ocrx_word' id='word_1_307' title='bbox 389 2378 488 2418; x_wconf 85' lang='lat' dir='ltr'><strong>haereticus</strong></span> <span class='ocrx_word' id='word_1_308' title='bbox 505 2378 647 2418; x_wconf 86' lang='lat' dir='ltr'><strong>munimentum</strong></span> <span class='ocrx_word' id='word_1_309' title='bbox 667 2381 807 2417; x_wconf 87' lang='lat' dir='ltr'><strong>tormentorum</strong></span> <span class='ocrx_word' id='word_1_310' title='bbox 822 2377 895 2418; x_wconf 84' lang='lat' dir='ltr'><strong>ictibus</strong></span> <span class='ocrx_word' id='word_1_311' title='bbox 952 2420 954 2424; x_wconf 64' lang='grc'><em>,</em></span> 
     </span>
     <span class='ocr_line' id='line_1_37' title="bbox 122 2430 894 2486; baseline 0.003 -16"><span class='ocrx_word' id='word_1_312' title='bbox 122 2430 194 2471; x_wconf 86' lang='lat' dir='ltr'><strong>frustra</strong></span> <span class='ocrx_word' id='word_1_313' title='bbox 201 2430 293 2482; x_wconf 85' lang='lat' dir='ltr'><strong>verberat,</strong></span> <span class='ocrx_word' id='word_1_314' title='bbox 304 2434 354 2473; x_wconf 85' lang='lat' dir='ltr'><strong>vires</strong></span> <span class='ocrx_word' id='word_1_315' title='bbox 363 2433 458 2473; x_wconf 83' lang='lat' dir='ltr'><strong>incassum</strong></span> <span class='ocrx_word' id='word_1_316' title='bbox 468 2431 583 2483; x_wconf 80' lang='lat' dir='ltr'><strong>diffundens,</strong></span> <span class='ocrx_word' id='word_1_317' title='bbox 593 2432 666 2486; x_wconf 85' lang='lat' dir='ltr'><strong>hyemis</strong></span> <span class='ocrx_word' id='word_1_318' title='bbox 675 2432 796 2473; x_wconf 78' lang='lat' dir='ltr'><strong>inclementit</strong></span> <span class='ocrx_word' id='word_1_319' title='bbox 806 2445 894 2486; x_wconf 88' lang='lat' dir='ltr'><strong>quassus,</strong></span> 
     </span>
     <span class='ocr_line' id='line_1_38' title="bbox 121 2485 894 2542; baseline 0.003 -17"><span class='ocrx_word' id='word_1_320' title='bbox 121 2485 142 2525; x_wconf 87' lang='lat' dir='ltr'><strong>in</strong></span> <span class='ocrx_word' id='word_1_321' title='bbox 158 2490 219 2536; x_wconf 86' lang='lat' dir='ltr'><strong>vasto,</strong></span> <span class='ocrx_word' id='word_1_322' title='bbox 237 2486 351 2542; x_wconf 77' lang='lat' dir='ltr'><strong>desectoque</strong></span> <span class='ocrx_word' id='word_1_323' title='bbox 366 2502 437 2542; x_wconf 86' lang='lat' dir='ltr'><strong>campo,</strong></span> <span class='ocrx_word' id='word_1_324' title='bbox 453 2487 493 2527; x_wconf 88' lang='lat' dir='ltr'><strong>sine</strong></span> <span class='ocrx_word' id='word_1_325' title='bbox 507 2486 580 2527; x_wconf 87' lang='lat' dir='ltr'><strong>aedibus</strong></span> <span class='ocrx_word' id='word_1_326' title='bbox 597 2487 633 2527; x_wconf 89' lang='lat' dir='ltr'><strong>sub</strong></span> <span class='ocrx_word' id='word_1_327' title='bbox 647 2488 712 2540; x_wconf 87' lang='lat' dir='ltr'><strong>paucis</strong></span> <span class='ocrx_word' id='word_1_328' title='bbox 727 2487 814 2527; x_wconf 90' lang='lat' dir='ltr'><strong>tentoriis</strong></span> <span class='ocrx_word' id='word_1_329' title='bbox 823 2490 894 2527; x_wconf 86' lang='lat' dir='ltr'><strong>eastra-</strong></span> 
     </span>
     <span class='ocr_line' id='line_1_39' title="bbox 120 2540 893 2596; baseline 0.003 -16"><span class='ocrx_word' id='word_1_330' title='bbox 120 2543 217 2581; x_wconf 86' lang='lat' dir='ltr'><strong>metatus:</strong></span> <span class='ocrx_word' id='word_1_331' title='bbox 233 2540 257 2581; x_wconf 84' lang='lat' dir='ltr'><strong>ab</strong></span> <span class='ocrx_word' id='word_1_332' title='bbox 266 2542 343 2584; x_wconf 78' lang='lat' dir='ltr'><strong>ibernis</strong></span> <span class='ocrx_word' id='word_1_333' title='bbox 357 2543 416 2584; x_wconf 73' lang='lat' dir='ltr'><strong>invite</strong></span> <span class='ocrx_word' id='word_1_334' title='bbox 431 2542 496 2583; x_wconf 85' lang='lat' dir='ltr'><strong>trach&#39;s</strong></span> <span class='ocrx_word' id='word_1_335' title='bbox 506 2541 640 2582; x_wconf 85' lang='lat' dir='ltr'><strong>deserebatur:</strong></span> <span class='ocrx_word' id='word_1_336' title='bbox 654 2542 728 2596; x_wconf 87' lang='lat' dir='ltr'><strong>aliquos</strong></span> <span class='ocrx_word' id='word_1_337' title='bbox 737 2541 811 2595; x_wconf 88' lang='lat' dir='ltr'><strong>Anglos</strong></span> <span class='ocrx_word' id='word_1_338' title='bbox 821 2542 893 2582; x_wconf 85' lang='lat' dir='ltr'><strong>machi-</strong></span> 
     </span>
    </p>
   </div>
   <div class='ocr_carea' id='block_1_3' title="bbox 120 2676 894 2947">
    <p class='ocr_par' dir='ltr' id='par_1_3' title="bbox 120 2676 894 2902">
     <span class='ocr_line' id='line_1_40' title="bbox 142 2676 893 2725; baseline 0.007 -16"><span class='ocrx_word' id='word_1_339' title='bbox 142 2678 153 2700; x_wconf 61' lang='lat'><strong>*</strong></span> <span class='ocrx_word' id='word_1_340' title='bbox 165 2676 203 2710; x_wconf 83' lang='lat' dir='ltr'><strong>Far</strong></span> <span class='ocrx_word' id='word_1_341' title='bbox 211 2683 295 2712; x_wconf 84' lang='lat' dir='ltr'><strong>accounts</strong></span> <span class='ocrx_word' id='word_1_342' title='bbox 303 2679 325 2712; x_wconf 86' lang='lat' dir='ltr'><strong>of</strong></span> <span class='ocrx_word' id='word_1_343' title='bbox 336 2679 371 2713; x_wconf 89' lang='lat' dir='ltr'><strong>this</strong></span> <span class='ocrx_word' id='word_1_344' title='bbox 383 2682 502 2725; x_wconf 75' lang='lat' dir='ltr'><strong>engagement,</strong></span> <span class='ocrx_word' id='word_1_345' title='bbox 511 2678 592 2721; x_wconf 83' lang='lat' dir='ltr'><strong>differing</strong></span> <span class='ocrx_word' id='word_1_346' title='bbox 600 2677 618 2709; x_wconf 90' lang='lat' dir='ltr'><strong>in</strong></span> <span class='ocrx_word' id='word_1_347' title='bbox 627 2677 681 2721; x_wconf 85' lang='lat' dir='ltr'><strong>slight</strong></span> <span class='ocrx_word' id='word_1_348' title='bbox 688 2676 795 2722; x_wconf 84' lang='lat' dir='ltr'><strong>particulars</strong></span> <span class='ocrx_word' id='word_1_349' title='bbox 803 2678 851 2712; x_wconf 87' lang='lat' dir='ltr'><strong>from</strong></span> <span class='ocrx_word' id='word_1_350' title='bbox 860 2691 893 2715; x_wconf 83' lang='lat' dir='ltr'><strong>our</strong></span> 
     </span>
     <span class='ocr_line' id='line_1_41' title="bbox 120 2722 893 2767; baseline 0.003 -15"><span class='ocrx_word' id='word_1_351' title='bbox 120 2723 165 2761; x_wconf 87' lang='lat' dir='ltr'><strong>text,</strong></span> <span class='ocrx_word' id='word_1_352' title='bbox 173 2733 202 2755; x_wconf 90' lang='lat' dir='ltr'><strong>sec</strong></span> <span class='ocrx_word' id='word_1_353' title='bbox 212 2722 336 2757; x_wconf 73' lang='lat' dir='ltr'><strong>O’Donovan&#39;s</strong></span> <span class='ocrx_word' id='word_1_354' title='bbox 348 2724 397 2758; x_wconf 77' lang='lat' dir='ltr'><strong>Four</strong></span> <span class='ocrx_word' id='word_1_355' title='bbox 412 2726 494 2762; x_wconf 66' lang='lat' dir='ltr'><strong>Mamers,</strong></span> <span class='ocrx_word' id='word_1_356' title='bbox 506 2735 523 2767; x_wconf 89' lang='lat' dir='ltr'><strong>p.</strong></span> <span class='ocrx_word' id='word_1_357' title='bbox 538 2723 587 2759; x_wconf 80' lang='lat'>1717.</span> <span class='ocrx_word' id='word_1_358' title='bbox 609 2722 668 2755; x_wconf 86' lang='lat' dir='ltr'><strong>There</strong></span> <span class='ocrx_word' id='word_1_359' title='bbox 675 2722 689 2755; x_wconf 87' lang='lat' dir='ltr'><strong>is</strong></span> <span class='ocrx_word' id='word_1_360' title='bbox 698 2734 709 2756; x_wconf 85' lang='lat' dir='ltr'><strong>a</strong></span> <span class='ocrx_word' id='word_1_361' title='bbox 720 2722 770 2765; x_wconf 84' lang='lat' dir='ltr'><strong>place</strong></span> <span class='ocrx_word' id='word_1_362' title='bbox 779 2724 836 2758; x_wconf 88' lang='lat' dir='ltr'><strong>called</strong></span> <span class='ocrx_word' id='word_1_363' title='bbox 844 2725 893 2760; x_wconf 91' lang='lat' dir='ltr'><strong>Bho.</strong></span> 
     </span>
     <span class='ocr_line' id='line_1_42' title="bbox 120 2765 894 2811; baseline 0.012 -15"><span class='ocrx_word' id='word_1_364' title='bbox 120 2775 168 2805; x_wconf 89' lang='lat' dir='ltr'><strong>reen,</strong></span> <span class='ocrx_word' id='word_1_365' title='bbox 175 2767 217 2800; x_wconf 87' lang='lat' dir='ltr'><strong>four</strong></span> <span class='ocrx_word' id='word_1_366' title='bbox 224 2779 244 2802; x_wconf 87' lang='lat' dir='ltr'><strong>or</strong></span> <span class='ocrx_word' id='word_1_367' title='bbox 252 2769 285 2802; x_wconf 86' lang='lat' dir='ltr'><strong>five</strong></span> <span class='ocrx_word' id='word_1_368' title='bbox 291 2769 342 2803; x_wconf 89' lang='lat' dir='ltr'><strong>miles</strong></span> <span class='ocrx_word' id='word_1_369' title='bbox 350 2770 447 2804; x_wconf 85' lang='lat' dir='ltr'><strong>south-east</strong></span> <span class='ocrx_word' id='word_1_370' title='bbox 453 2768 571 2803; x_wconf 77' lang='lat' dir='ltr'><strong>ofLimerica.</strong></span> <span class='ocrx_word' id='word_1_371' title='bbox 596 2765 615 2799; x_wconf 85' lang='lat' dir='ltr'><strong>It</strong></span> <span class='ocrx_word' id='word_1_372' title='bbox 622 2777 663 2805; x_wconf 70' lang='lat' dir='ltr'><strong>tvos,</strong></span> <span class='ocrx_word' id='word_1_373' title='bbox 669 2767 760 2811; x_wconf 85' lang='lat' dir='ltr'><strong>probably,</strong></span> <span class='ocrx_word' id='word_1_374' title='bbox 769 2772 788 2801; x_wconf 83' lang='lat' dir='ltr'><strong>at</strong></span> <span class='ocrx_word' id='word_1_375' title='bbox 796 2780 843 2803; x_wconf 89' lang='lat' dir='ltr'><strong>some</strong></span> <span class='ocrx_word' id='word_1_376' title='bbox 852 2770 894 2805; x_wconf 86' lang='lat' dir='ltr'><strong>ford</strong></span> 
     </span>
     <span class='ocr_line' id='line_1_43' title="bbox 121 2811 893 2858; baseline 0.013 -18"><span class='ocrx_word' id='word_1_377' title='bbox 121 2819 162 2842; x_wconf 80' lang='lat' dir='ltr'><strong>orer</strong></span> <span class='ocrx_word' id='word_1_378' title='bbox 170 2812 201 2845; x_wconf 85' lang='lat' dir='ltr'><strong>the</strong></span> <span class='ocrx_word' id='word_1_379' title='bbox 209 2814 257 2848; x_wconf 85' lang='lat' dir='ltr'><strong>river</strong></span> <span class='ocrx_word' id='word_1_380' title='bbox 265 2815 361 2853; x_wconf 85' lang='lat' dir='ltr'><strong>Mulcairn,</strong></span> <span class='ocrx_word' id='word_1_381' title='bbox 369 2815 426 2848; x_wconf 88' lang='lat' dir='ltr'><strong>which</strong></span> <span class='ocrx_word' id='word_1_382' title='bbox 434 2824 476 2848; x_wconf 87' lang='lat' dir='ltr'><strong>runs</strong></span> <span class='ocrx_word' id='word_1_383' title='bbox 490 2813 568 2858; x_wconf 83' lang='lat' dir='ltr'><strong>through</strong></span> <span class='ocrx_word' id='word_1_384' title='bbox 581 2811 620 2845; x_wconf 87' lang='lat' dir='ltr'><strong>that</strong></span> <span class='ocrx_word' id='word_1_385' title='bbox 629 2811 704 2851; x_wconf 84' lang='lat' dir='ltr'><strong>district,</strong></span> <span class='ocrx_word' id='word_1_386' title='bbox 718 2812 758 2846; x_wconf 85' lang='lat' dir='ltr'><strong>that</strong></span> <span class='ocrx_word' id='word_1_387' title='bbox 772 2813 893 2849; x_wconf 83' lang='lat' dir='ltr'><strong>Fitzmaurice</strong></span> 
     </span>
     <span class='ocr_line' id='line_1_44' title="bbox 121 2855 695 2902; baseline 0.007 -17"><span class='ocrx_word' id='word_1_388' title='bbox 121 2863 156 2886; x_wconf 86' lang='lat' dir='ltr'><strong>was</strong></span> <span class='ocrx_word' id='word_1_389' title='bbox 163 2855 224 2900; x_wconf 82' lang='lat' dir='ltr'><strong>killed,</strong></span> <span class='ocrx_word' id='word_1_390' title='bbox 232 2861 259 2892; x_wconf 74' lang='lat' dir='ltr'><strong>ic.</strong></span> <span class='ocrx_word' id='word_1_391' title='bbox 268 2859 314 2892; x_wconf 83' lang='lat' dir='ltr'><strong>Beal</strong></span> <span class='ocrx_word' id='word_1_392' title='bbox 323 2863 353 2893; x_wconf 84' lang='lat' dir='ltr'><strong>ata</strong></span> <span class='ocrx_word' id='word_1_393' title='bbox 361 2871 383 2893; x_wconf 88' lang='lat' dir='ltr'><strong>an</strong></span> <span class='ocrx_word' id='word_1_394' title='bbox 390 2860 472 2894; x_wconf 86' lang='lat' dir='ltr'><strong>Bhorin:</strong></span> <span class='ocrx_word' id='word_1_395' title='bbox 482 2857 604 2902; x_wconf 65' lang='lat' dir='ltr'><strong>Barringtonb</strong></span> <span class='ocrx_word' id='word_1_396' title='bbox 613 2856 695 2902; x_wconf 77' lang='lat' dir='ltr'><strong>Bridge?</strong></span> 
     </span>
    </p>

    <p class='ocr_par' dir='ltr' id='par_1_4' title="bbox 143 2898 581 2947">
     <span class='ocr_line' id='line_1_45' title="bbox 143 2898 581 2947; baseline 0.002 -12"><span class='ocrx_word' id='word_1_397' title='bbox 143 2898 214 2939; x_wconf 83' lang='lat' dir='ltr'><strong>†A.D.</strong></span> <span class='ocrx_word' id='word_1_398' title='bbox 224 2905 274 2937; x_wconf 75' lang='lat'>1580.</span> <span class='ocrx_word' id='word_1_399' title='bbox 299 2905 439 2940; x_wconf 81' lang='lat' dir='ltr'><strong>FourMasters.</strong></span> <span class='ocrx_word' id='word_1_400' title='bbox 465 2903 581 2947; x_wconf 65' lang='lat' dir='ltr'><strong>(tonaret.</strong></span> 
     </span>
    </p>
   </div>
   <div class='ocr_carea' id='block_1_4' title="bbox 121 2942 896 3022">
    <p class='ocr_par' dir='ltr' id='par_1_5' title="bbox 121 2942 896 3022">
     <span class='ocr_line' id='line_1_46' title="bbox 121 2942 896 3022; baseline 0.004 -42"><span class='ocrx_word' id='word_1_401' title='bbox 121 2942 217 3022; x_wconf 39' lang='lat' dir='ltr'><strong>chifilim</strong></span> <span class='ocrx_word' id='word_1_402' title='bbox 225 2949 273 2994; x_wconf 79' lang='lat' dir='ltr'><strong>days,</strong></span> <span class='ocrx_word' id='word_1_403' title='bbox 282 2950 361 2985; x_wconf 71' lang='lat' dir='ltr'><strong>camna.</strong></span> <span class='ocrx_word' id='word_1_404' title='bbox 386 2951 424 2985; x_wconf 75' lang='lat' dir='ltr'><strong>&#39;Phe</strong></span> <span class='ocrx_word' id='word_1_405' title='bbox 433 2951 482 2985; x_wconf 79' lang='lat' dir='ltr'><strong>Four</strong></span> <span class='ocrx_word' id='word_1_406' title='bbox 497 2949 572 2982; x_wconf 86' lang='lat' dir='ltr'><strong>Masters</strong></span> <span class='ocrx_word' id='word_1_407' title='bbox 581 2948 603 2982; x_wconf 87' lang='lat' dir='ltr'><strong>do</strong></span> <span class='ocrx_word' id='word_1_408' title='bbox 616 2951 648 2980; x_wconf 89' lang='lat' dir='ltr'><strong>not</strong></span> <span class='ocrx_word' id='word_1_409' title='bbox 661 2947 740 2982; x_wconf 87' lang='lat' dir='ltr'><strong>mention</strong></span> <span class='ocrx_word' id='word_1_410' title='bbox 752 2960 786 2994; x_wconf 79' lang='lat' dir='ltr'><strong>any</strong></span> <span class='ocrx_word' id='word_1_411' title='bbox 794 2950 866 2985; x_wconf 82' lang='lat' dir='ltr'><strong>defencc</strong></span> <span class='ocrx_word' id='word_1_412' title='bbox 874 2951 896 2984; x_wconf 84' lang='lat' dir='ltr'><strong>of</strong></span> 
     </span>
    </p>
   </div>
   <div class='ocr_carea' id='block_1_5' title="bbox 0 0 1124 3535">
    <p class='ocr_par' dir='ltr' id='par_1_6' title="bbox 0 0 1124 3535">
     <span class='ocr_line' id='line_1_47' title="bbox 0 0 1124 3535; baseline 0 4"><span class='ocrx_word' id='word_1_413' title='bbox 0 0 1124 3535; x_wconf 95' lang='lat' dir='ltr'><strong> </strong></span> 
     </span>
    </p>
   </div>
  </div>
 </body>
</html>
