2237 3535
60 870 172 931 DOMINI
193 868 338 928 PHlllPPl
356 861 560 943 O’SULLEVANI,
579 863 700 924 Bllrlltltl
716 864 831 942 IBllllltl,

298 1068 299 1072 Ἰ
326 1012 397 1055 roni
411 1011 429 1051 1.
444 1010 529 1052 iruna
542 1013 560 1054 1.

220 1150 256 1196 DE
271 1145 404 1196 lBERNlAE
418 1145 483 1191 stru
497 1146 530 1192 Er
545 1145 670 1194 NATURA.

294 1311 593 1318 Μ

384 1439 474 1482 CAPUT
488 1441 505 1481 I.

278 1558 354 1593 Iberniae
362 1558 412 1593 vana
419 1557 492 1592 nomina
499 1556 608 1591 referuntur.

55 1672 108 1713 Furr
116 1672 137 1713 in
147 1673 242 1726 Hispania
252 1671 350 1725 quondam
357 1675 402 1712 ante
411 1672 474 1712 nostri
483 1670 617 1724 Redemptoris
623 1673 687 1710 ortum
694 1671 724 1711 vir
731 1671 830 1713 dominatu

56 1731 76 1768 et
84 1729 170 1780 potentia
180 1727 279 1776 excellens,
291 1726 354 1767 dietus
363 1728 384 1766 in
399 1727 483 1779 antiquis
497 1726 578 1766 lberniae
592 1725 647 1766 libris
658 1725 726 1775 Golas,
742 1727 830 1781 princeps

55 1796 119 1822 rerum
129 1786 226 1836 gestarum
236 1781 370 1835 magnitudine
380 1781 448 1832 clarus,
459 1782 485 1822 ob
494 1781 553 1833 idque
562 1785 690 1834 cognomento
700 1781 763 1822 miles:
778 1783 830 1823 unde

55 1841 197 1890 corruptaroce
206 1837 273 1877 multis
283 1837 342 1890 coepit
351 1837 418 1876 Mitius
429 1842 448 1877 et
457 1836 546 1877 Milesius
555 1838 670 1889 nuncupari.
699 1836 766 1890 Hujus
772 1838 830 1877 frater

54 1892 76 1931 in
86 1891 183 1932 Iberniam
197 1892 280 1933 insulam
290 1892 320 1932 vel
334 1906 403 1941 errore,
412 1892 443 1932 uel
450 1892 470 1932 vi
479 1892 597 1944 tempestatis
608 1891 688 1942 delatus,
699 1891 723 1932 ab
732 1892 829 1932 insulariis

54 1946 179 1999 injustissime
188 1947 226 1987 fuit
235 1947 315 1988 occisus.
344 1946 405 2000 Cujus
414 1947 442 1987 rei
451 1947 523 1987 nuncio
537 1961 549 1986 a
561 1946 664 1987 comitibus
677 1948 743 1995 relato,
758 1947 830 1988 Milesii

54 2001 146 2054 principis
164 2001 199 2042 lilii
218 2002 277 2042 classe
301 2006 411 2054 comparata
423 2002 445 2042 in
459 2001 557 2042 Iberniam
578 2002 666 2041 fecerunt
681 2001 829 2056 expeditionem.

55 2054 142 2099 Quorum
158 2057 217 2110 aliqui
231 2071 275 2097 cum
289 2056 377 2106 navibus,
392 2056 509 2104 homiuibus,
526 2056 635 2109 caeterisque
651 2056 709 2097 rebus
728 2057 829 2110 naufragio

54 2110 158 2163 perierunt.
168 2111 215 2152 Tres
225 2112 306 2165 sospites
313 2112 335 2152 in
341 2111 414 2152 diversa
419 2112 485 2152 littora
494 2111 549 2163 regni
559 2110 687 2164 appulerunt:
698 2111 767 2151 incolis
778 2111 829 2152 bello

53 2167 163 2218 peremptis,
173 2166 227 2216 fusis
237 2167 315 2221 iugatis,
326 2166 357 2207 uel
366 2165 456 2216 subactis,
466 2170 527 2207 totam
536 2166 618 2206 insulam
624 2167 645 2207 in
653 2180 705 2207 suam
713 2170 828 2219 potestatem

47 2219 174 2272 redegemnt,
185 2225 204 2261 et
211 2236 273 2274 genus
283 2222 384 2275 antiquum
391 2221 512 2270 Ibernorum
523 2221 556 2273 qui
564 2235 626 2274 usque
635 2221 657 2261 in
668 2222 719 2262 hunc
727 2221 779 2261 diem
785 2236 827 2275 per-

53 2278 139 2325 manent,
152 2279 282 2329 procrearunt.
313 2276 363 2321 Quis
377 2280 441 2317 autem
455 2277 536 2317 fratrum
548 2276 662 2317 tueritnatu
675 2277 776 2324 maximus,
792 2277 828 2317 etsi

53 2329 103 2368 inter
112 2330 185 2382 aliquos
194 2332 274 2372 minime
284 2333 392 2384 convenitll
404 2346 448 2373 eum
457 2337 522 2372 tamen
530 2331 616 2371 llberum
629 2345 663 2371 seu
672 2331 752 2371 lberam
761 2331 843 2383 fuisses
856 2344 870 2385 .]

53 2382 128 2424 obtinet
137 2387 202 2438 opinio
212 2387 372 2436 constantissima,
384 2387 478 2428 chronicis
488 2388 544 2427 etiam
559 2386 659 2439 Hispaniae
672 2386 826 2438 suffragantibus.

52 2437 83 2478 Hx
94 2452 138 2491 quo,
148 2441 211 2481 insula
221 2455 298 2495 quoque
312 2441 388 2491 Iberus
402 2444 460 2483 utin
477 2445 552 2482 vetusto
567 2440 638 2490 libello,
655 2442 687 2493 qui
696 2440 772 2481 AEthici
786 2455 826 2481 cos-

52 2495 164 2547 mographia
177 2495 295 2547 inscribitur,
306 2500 325 2537 et
340 2497 398 2537 etiam
412 2496 476 2538 iberia
486 2510 556 2537 nornen
566 2496 644 2549 accepit.
673 2495 765 2536 Vetustas
775 2510 826 2546 vero,

53 2560 96 2599 quee
114 2563 154 2590 non
172 2551 234 2592 solum
255 2566 285 2592 res
304 2551 338 2592 sed
357 2553 415 2592 etiam
434 2551 528 2593 vocabula
543 2551 591 2591 solet
610 2551 687 2598 variare,
707 2550 737 2591 illi
755 2565 826 2592 nomeu

52 2601 129 2653 indidit,
139 2604 216 2656 Iberno,
226 2606 310 2660 indeque
318 2607 365 2648 huic
379 2606 462 2647 Iberniae
471 2611 491 2646 et
499 2606 594 2659 indigenis
604 2604 686 2647 Ibernis.
715 2605 766 2646 lnde
775 2606 826 2646 idem

52 2655 122 2699 Iberne
132 2659 202 2701 dicitur
211 2661 264 2715 apud
273 2662 407 2703 Claudianum.
437 2661 496 2702 Unde
510 2662 532 2700 fit
546 2660 569 2701 ab
584 2661 595 2701 Ι
609 2659 680 2705 Latina
693 2662 751 2702 tertia
765 2661 826 2702 vocali

52 2715 71 2751 et
80 2726 121 2753 non
130 2713 154 2754 ab
163 2716 283 2769 aspirationis
292 2721 340 2757 nota
350 2722 369 2757 et
377 2717 441 2758 littera
449 2716 576 2770 Pythagorica
586 2715 614 2755 H.
624 2715 650 2756 Y.
660 2714 744 2757 Iberniae
755 2730 825 2757 nomen

52 2768 152 2809 exordium
164 2785 245 2821 sumere,
255 2771 363 2825 aliquorum
373 2786 422 2813 caeca
436 2772 545 2826 conjectura
554 2770 630 2824 rejecta.
659 2770 749 2812 Ibernica
757 2771 825 2824 lingua

51 2826 129 2863 vocatur
139 2824 180 2866 haec
188 2826 252 2866 insula
262 2827 311 2877 Iera,
325 2827 349 2868 ab
359 2827 403 2867 Iera
417 2828 483 2881 regina
494 2826 528 2875 [sic
536 2825 599 2878 placet
608 2825 703 2866 lbernicis
713 2826 822 2878 Oluonicis)

52 2889 94 2927 quae
111 2882 155 2919 ante
172 2880 303 2934 Hispanorum
323 2883 404 2923 fratrum
419 2883 522 2923 adventum
536 2880 604 2921 insulae
619 2885 694 2935 sceptro
703 2882 742 2921 fuit
755 2881 823 2934 potita.

51 2929 109 2971 Unde
125 2934 190 2975 forsan
210 2935 282 2976 Graecis
296 2937 360 2977 insula
375 2951 434 2978 sacra.
443 2937 481 2977 fuit
497 2936 600 2986 nominata,
616 2935 668 2989 apud
686 2950 738 2990 quos¹
750 2950 772 2976 ea
786 2950 824 2976 vox
891 2951 892 2955 ¹

51 2998 91 3026 rem
101 3002 173 3029 sacrani
183 2990 283 3044 significat.
313 2992 366 3033 Hinc
380 2992 437 3034 lerna
449 2995 468 3033 et
482 2991 542 3041 Ierni,
551 2990 627 3033 Latinis
636 2991 734 3032 nonnullis
744 2991 824 3045 scripto-
