2237 3535
62 435 106 462 our.
117 416 146 470 v.]
275 424 303 451 nu
317 423 409 450 raunmu
424 422 470 450 srru
485 421 509 448 nr
523 419 613 448 NA'lURA.
666 431 667 435 =
813 404 839 443 ll

60 541 138 581 campus
147 527 203 565 tanto
214 535 250 562 aere
258 523 363 574 prematur,
374 523 446 573 quanto
457 518 520 559 cultus
530 521 550 557 et
557 515 626 557 fertilis
636 527 686 576 ager,
697 513 743 553 inde
750 512 840 553 effectum

59 588 89 624 cst
98 586 120 622 ut
129 581 150 620 iu
160 578 213 619 silvis
222 575 365 629 montibusque,
373 576 464 629 jugerum
469 586 530 613 unum
536 569 670 631 magnitudine
680 572 757 622 superet
767 568 838 617 decem,

59 636 134 691 viginti,
144 633 231 686 triginta,
245 630 324 684 plurave
331 632 399 685 jugera
408 629 530 669 feraeissimae
540 630 559 667 et
568 626 671 687 uberrimae
680 623 748 677 glebae.
777 622 838 663 Nam-

60 706 97 745 que
106 691 127 730 in
136 689 173 729 hae
182 691 238 727 terrae
253 686 346 726 divisione
362 683 477 726 invenienda
493 696 533 722 non
550 679 646 721 intervalli
656 680 689 719 sed
699 680 798 720 fructuum
809 681 838 718 est

58 745 125 788 habita
133 742 189 783 ratio.
218 741 248 781 Ac
263 741 292 781 ita
308 755 353 781 cum
362 739 435 781 inculta
444 741 572 790 montosaque
581 736 624 776 loca
633 735 694 787 magis
703 734 766 774 indies
776 734 838 774 homi-

58 814 105 842 num
115 796 212 839 industria
228 795 307 836 subacta
323 795 450 850 subjiciantur
465 797 533 842 aratro,
545 796 564 832 et
581 790 688 832 uberiorem
705 789 784 843 frugum
794 802 837 842 pro-

58 852 216 900 ventumteraut,
232 851 284 891 haud
298 850 379 891 obscure
395 849 493 903 colligitur
508 848 601 901 majorem
616 858 657 886 esse
676 858 729 885 nuno
748 858 838 884 arvorum

57 921 158 950 numerum
170 920 227 959 quam
236 910 278 946 tum
287 905 326 946 tuit
336 920 380 946 eum
389 905 430 946 liaeo
440 904 508 944 divisio
518 904 556 944 luit
565 917 577 942 a
585 899 683 942 veteribus
694 899 817 951 constitutall
844 908 879 950 [a]

85 962 123 1003 IV.
138 960 445 1002 Drus10.-Auamnvisicnem
462 959 523 1000 adfert
537 956 666 1004 Cambrensis,
677 968 770 1003 asserens,
781 955 836 1007 quin-

58 1032 95 1070 que
104 1017 146 1057 illas
155 1016 261 1070 praecipuas
271 1015 355 1056 Iberniae
371 1015 458 1067 regiones
475 1013 560 1066 singulas
576 1015 664 1053 constare
680 1009 788 1051 cantaredis
802 1010 836 1049 tri-

57 1074 112 1125 ginta
122 1071 204 1119 duobus,
216 1070 311 1111 Midhiam
321 1081 365 1110 vero
372 1069 477 1117 sexdecem,
485 1073 506 1108 et
514 1069 541 1108 ita
550 1071 613 1108 totam
618 1066 702 1107 insulam
712 1065 836 1119 septuaginta

57 1141 101 1167 sen:
117 1125 241 1167 cantaredum
254 1139 300 1165 vero
316 1138 357 1164 esse
373 1128 428 1164 terrae
447 1123 531 1176 spatium
550 1123 652 1163 continens
671 1125 750 1162 centum
767 1134 834 1174 pagos.

56 1181 99 1235 Ego
109 1195 153 1222 vero
164 1194 203 1221 non
220 1194 296 1234 possum
313 1179 388 1227 deduci,
398 1182 420 1218 ut
430 1178 542 1218 Cambrensi
552 1178 575 1218 de
585 1176 691 1217 cantaredis
706 1180 726 1216 et
739 1189 835 1229 pagorum

55 1250 135 1276 numero
145 1235 244 1284 assentiar,
253 1235 336 1274 manime
346 1246 391 1272 cum
407 1232 500 1272 diversam
511 1232 622 1284 opinionem
630 1232 652 1271 in
661 1230 756 1271 Iberniois
766 1244 834 1270 manu-

55 1292 130 1344 scriptis
136 1291 221 1344 legerim.
235 1290 264 1330 Ea
274 1289 302 1328 sio
309 1287 379 1327 habet:
389 1286 410 1326 in
416 1287 493 1326 duobus
500 1286 606 1326 llomoniis
613 1286 707 1326 contineri
717 1286 834 1326 ‘trenched’

55 1346 183 1399 septuaginta.
196 1346 234 1386 70:
249 1345 269 1383 in
279 1342 361 1382 Ultonia
370 1341 449 1394 triginta
464 1340 550 1393 quinque
560 1343 585 1381 35
596 1357 600 1380 :
615 1341 637 1380 iu
646 1339 732 1393 Lagenia
740 1354 800 1380 unam
815 1344 834 1380 et

54 1401 140 1453 triginta.
151 1401 190 1439 31:
200 1399 223 1437 in
232 1397 345 1437 Oonnachta
354 1396 440 1447 triginta.
453 1397 492 1435 30:
507 1396 528 1435 in
537 1395 614 1436 llidbia
624 1398 667 1435 octo
678 1396 750 1436 decem.
762 1397 788 1435 18
798 1412 802 1435 :
814 1400 833 1435 et

53 1455 82 1494 ita
91 1454 188 1493 iberniam
198 1456 260 1491 totam
275 1454 364 1492 constare
380 1450 464 1490 treuebis
481 1455 559 1490 eentum
569 1450 668 1502 octaginta
678 1454 767 1503 quatuor.
778 1452 832 1491 lat:

55 1509 154 1548 trenclram
163 1520 209 1547 vero
220 1520 260 1546 esse
275 1506 360 1558 spatium
374 1508 429 1545 terrae
439 1504 569 1559 complectens
585 1519 647 1559 pagos
656 1505 701 1559 trigi
716 1509 742 1546 ta.
773 1505 833 1546 Juxta

55 1564 107 1604 buno
117 1562 219 1610 calculum,
230 1562 264 1614 qni
272 1560 331 1614 longe
340 1560 457 1600 moderatior
474 1564 508 1610 est,
520 1575 578 1614 quam
593 1560 715 1600 Gambrensis
732 1574 831 1610 numerus,

53 1618 133 1658 fuerunt
146 1617 169 1657 in
184 1616 248 1656 insula
263 1619 305 1656 tota
322 1616 407 1667 quinque
421 1615 487 1665 millia,
504 1616 605 1669 quingenti
620 1619 640 1656 ct
653 1615 723 1668 uiginti
739 1617 797 1670 pagi:
813 1620 832 1656 et

53 1672 130 1713 lltlidhia
140 1686 183 1724 quae
199 1685 243 1725 pars
259 1671 300 1724 ejus
318 1671 393 1710 circiter
407 1670 508 1710 undecima
521 1674 607 1724 putatur,
625 1670 711 1711 continet
721 1671 832 1711 octodeoem

53 1727 138 1768 treucbis
152 1740 213 1781 pagos
230 1726 346 1779 quingentos
363 1729 383 1765 et
398 1725 529 1779 quadraginta,
547 1740 593 1766 cum
611 1725 759 1779 populosissima
783 1725 832 1766 Hel-

53 1783 148 1823 vetiorum
166 1780 275 1834 respublica
291 1780 442 1833 quadringentos
459 1795 519 1834 pagos
535 1784 555 1820 et
570 1781 641 1834 oppida
660 1780 766 1822 duodecem
785 1781 832 1822 olim

54 1837 143 1885 tenuerit,
154 1840 178 1876 ut
188 1837 244 1876 docet
254 1835 317 1876 Caesar
328 1835 435 1888 Imperator
444 1834 488 1875 Lib
499 1834 517 1875 l.
528 1836 552 1876 de
561 1836 617 1876 Bello
627 1835 707 1876 Gallico.

81 1891 107 1931 V.
121 1890 332 1934 musra-auarum
349 1894 395 1930 sunt
410 1890 493 1930 Iberniae
503 1890 560 1931 urbes
569 1894 665 1931 vetustate
675 1894 694 1931 et
703 1892 759 1932 famae
769 1891 830 1945 magis

53 1945 142 1999 inclyta:
157 1946 259 1986 Dublinna
268 1946 289 1985 in
297 1945 390 1998 Lagania,
404 1945 544 1999 magnitudine,
555 1946 626 1986 ciuium
635 1960 722 1995 numero,
733 1951 830 1987 structura

53 2001 184 2049 edificiorum,
203 2001 258 2054 copia
276 2000 399 2054 templorum,
418 2000 487 2041 merois
503 2002 599 2050 varietate,
616 2001 723 2054 frequentia
741 2002 830 2055 gentium

53 2060 165 2105 exterarum,
176 2055 234 2096 Liffei
249 2056 303 2096 :fluvii
318 2056 358 2095 leni
371 2070 428 2096 cursu
444 2055 596 2109 praeterlabentis
615 2057 722 2096 amoenitate
738 2056 828 2110 insignis.

54 2109 118 2153 Quam
127 2111 229 2151 imitantur
244 2111 285 2151 aliae
301 2114 340 2150 tres
350 2110 487 2151 inlllomoniis
503 2110 551 2160 sitae,
562 2111 655 2165 Manapia
669 2125 711 2163 quae
721 2110 793 2152 dicitur
808 2116 827 2152 et

54 2163 179 2215 Gaterfordia,
197 2166 299 2206 Ocreaeha.
315 2164 432 2206 Lomnacha.
462 2165 520 2206 Hanc
529 2165 622 2206 Sininnus
637 2166 704 2215 amnis,
715 2181 754 2206 non
764 2166 828 2207 solum

53 2218 135 2260 [hemia
149 2221 252 2270 maximus,
269 2221 303 2261 sed
326 2219 452 2261 celeberrimis
472 2219 579 2274 quibusque
598 2222 638 2261 fere
657 2221 784 2262 conferendus
803 2222 828 2262 ad

52 2276 122 2316 moenia
131 2275 204 2316 divisus
219 2276 241 2316 in
258 2275 306 2316 duos
316 2276 380 2316 alveos
396 2276 495 2325 interfluit,
506 2279 525 2315 et
539 2276 600 2325 alluit,
610 2276 656 2316 inde
670 2290 690 2316 se
705 2277 725 2316 in
740 2277 828 2330 spacioso

52 2334 109 2380 portu
127 2331 176 2371 mari
194 2330 300 2380 involvens,
320 2330 392 2379 laetam,
411 2332 597 2384 pulcherrimamque
612 2331 680 2371 reddit.
709 2331 828 2373 Ooreaclram

51 2381 98 2424 Lius
113 2385 186 2426 ttamen
201 2386 255 2427 alveo
264 2385 337 2439 triplici
354 2386 447 2436 circumit,
466 2390 485 2426 et
499 2387 593 2426 interfluit
607 2386 647 2427 leni
661 2400 718 2426 eursu
734 2387 791 2427 fusus
805 2389 828 2427 in

50 2442 128 2490 portum
137 2439 219 2481 navibus
237 2441 334 2494 capiendis
345 2444 364 2481 et
378 2445 513 2495 atempestate
529 2441 653 2482 defendendis
667 2440 765 2491 idoneum,
784 2442 827 2482 mil·
871 2485 872 2489 ,

50 2491 100 2533 libus
110 2494 198 2547 passibus
208 2496 274 2537 decem
290 2496 378 2549 longum.
407 2496 499 2549 Manapia
515 2496 651 2550 tranquillitate
665 2500 732 2549 portus
743 2497 827 2537 externis

50 2548 130 2589 navibus
139 2564 180 2592 non
196 2565 239 2591 raro
254 2551 306 2605 pleni
321 2565 441 2604 nequaquam
458 2550 540 2592 liabetur
554 2552 640 2592 obscura.
670 2551 720 2591 Sunt
729 2566 775 2593 vero
785 2552 828 2593 aliae

51 2601 134 2644 civitates
144 2619 185 2646 nou
194 2620 261 2660 paucae
271 2607 304 2647 sed
321 2608 416 2656 noviores,
433 2606 504 2660 oppida
520 2607 577 2647 etiam
586 2606 670 2659 insignia
679 2606 743 2660 pluria
753 2611 772 2647 et
787 2608 827 2647 situ

50 2655 128 2720 laetalot
143 2665 213 2701 natura
228 2675 324 2715 opereque
338 2676 379 2702 non
395 2661 502 2710 immunita,
519 2675 562 2714 quae
577 2662 641 2702 omnia
654 2660 736 2715 longum
750 2662 825 2712 inisset,

50 2715 163 2755 nominatim
172 2729 277 2757 recensere.
437 2766 441 2769 ,

76 2766 113 2809 VI.
128 2769 288 2812 Divisio-Hae
298 2776 344 2812 sunt
359 2771 442 2812 lberniae
456 2770 558 2812 divisiones
568 2771 682 2812 saeculares:
698 2772 826 2813 ecclesiastica

48 2819 79 2860 illa
98 2827 133 2873 est,
144 2825 327 2880 Arcbiepiscopatus
347 2831 393 2867 sunt
412 2830 499 2879 quatuor,
519 2826 628 2867 Ardmacha
641 2826 733 2868 Primatis
757 2827 824 2868 sedes:

49 2873 123 2928 Oasilia,
137 2879 218 2921 Tuemia
232 2885 251 2921 et
267 2882 374 2932 Dubliuna,
391 2885 410 2923 et
426 2881 554 2934 Episcopatus
571 2886 626 2922 eraut
642 2883 723 2935 triginta
743 2883 825 2936 sexqui

49 2941 99 2972 nunc
108 2938 154 2974 snut
163 2935 188 2976 ad
198 2936 292 2977 minorem
297 2951 401 2978 numerum
410 2936 499 2988 redactill
832 2937 867 2982 tt]
