2237 3535
91 381 225 434 11111111]
326 395 417 424 rerumne
432 397 469 425 sus
484 396 618 425 xxrzaanrua.
822 386 862 426 135

90 497 109 534 et
124 492 220 542 solemnis,
240 491 264 533 ab
280 491 374 534 haereticis
390 494 488 548 agebatur,
507 493 604 534 Ministris
620 495 679 534 cautu
695 492 806 547 musicaque
820 508 863 548 per-

89 547 208 597 sonantibus,
218 547 317 601 ingentem
331 548 438 599 clamorem,
455 553 475 590 et
493 548 650 589 vociferationem
668 547 785 599 extulerunt,
805 564 863 591 usum

89 603 164 644 aurium
173 602 320 657 intercipientes,
332 607 350 644 et
360 605 458 645 hereticas
468 603 591 644 caeremonias
598 602 730 656 impedientes,
740 618 775 644 nec
785 604 863 658 incepto

88 658 141 713 prius
158 658 278 708 destiterunt,
295 671 353 713 quam
369 659 441 714 templo
451 659 507 712 ejecti
516 659 537 699 in
545 658 647 712 pristinam
661 658 769 699 custodiam
783 659 863 700 fuerunt

88 713 143 754 relati
162 713 214 753 unde
233 717 300 768 postea
323 728 423 769 nunquam
442 713 588 755 adsceleratos
610 714 659 754 ritus
678 713 758 754 fuerunt
781 715 861 755 evocati.

88 768 118 810 111
143 768 179 818 die,
200 769 234 823 qui
257 769 367 810 memoriam
391 769 500 811 Dominicae
524 783 583 810 caenae
602 768 663 809 festus
686 769 757 822 agitur,
776 769 863 810 haeretici

87 823 170 864 ministri
185 837 306 865 numerosam
321 824 396 878 plebem
412 824 529 866 lbernorurn
545 824 677 877 agricolarum,
688 827 708 864 et
716 824 832 865 rusticorum
842 825 863 865 in

87 878 180 932 templum
189 879 209 919 vi
219 883 302 920 coactam
311 880 332 920 in
348 880 427 920 modum
444 894 526 929 coronae,
536 880 566 920 rel
581 879 648 920 circuli
662 879 745 933 genibus
754 879 823 920 flexam
833 880 862 920 di-

87 934 198 987 gesserunt!
214 938 233 974 et
243 948 293 975 unus
309 934 395 975 minister
409 949 478 989 gerens
497 949 590 989 magnum
599 935 658 975 tritici
666 935 723 988 panis
732 933 812 987 globum
823 935 862 975 sin-

87 988 138 1041 gulis
153 989 229 1043 singula
244 989 313 1030 frustra
322 989 443 1043 porrigebat!
460 990 508 1031 alter
523 1005 547 1031 ex
560 1004 632 1043 magua
641 990 681 1030 vini
690 991 783 1043 amphora
792 993 862 1044 potum

87 1043 150 1084 dabat.
160 1044 237 1085 Primus
246 1045 361 1085 rusticorum
371 1059 415 1085 cnm
423 1059 494 1099 panem
503 1045 607 1099 accepisset
616 1045 693 1086 sinistra
701 1059 762 1085 manu
771 1045 861 1085 serravit.

87 1098 135 1138 Mox
144 1100 184 1140 vini
193 1099 274 1152 phialam
285 1113 369 1149 sumens,
375 1113 449 1140 merum
454 1104 519 1140 totum
524 1114 557 1153 per
562 1100 641 1153 longam
648 1104 668 1140 11
674 1101 770 1153 impexam
779 1099 861 1141 barbam

86 1153 141 1203 fudit,
152 1155 245 1195 simulans
258 1169 278 1195 se
293 1155 315 1195 id
331 1158 394 1194 totum
408 1154 486 1195 bibisse.
515 1154 564 1195 Oum
573 1155 619 1195 verb
629 1155 724 1195 secundus
733 1156 817 1196 rusticus
827 1170 860 1196 va-

86 1223 141 1248 cuam
149 1210 233 1263 phialam
242 1210 353 1256 invenisset,
364 1209 448 1262 primum
458 1209 563 1262 alloquens,
574 1209 621 1262 quid
636 1213 664 1249 est
673 1210 744 1262 inquit,
755 1214 859 1264 compater,

87 1264 139 1316 quod
147 1265 196 1304 nihil
205 1265 246 1304 vini
254 1264 303 1304 mihi
312 1263 422 1317 reliquisti?
439 1264 490 1303 Trrm
500 1264 573 1315 primus
583 1264 638 1303 illum
648 1278 682 1304 suo
692 1265 748 1318 panis
757 1266 828 1305 frustro
838 1266 860 1305 in

86 1318 134 1359 facie
156 1320 270 1373 percutiens,
295 1319 312 1358 si
336 1332 380 1370 ego,
403 1318 474 1371 inquit,
498 1318 554 1357 hausi
572 1321 637 1357 totum
654 1319 728 1367 uinum,
748 1319 818 1360 devora
836 1324 860 1360 tu

85 1377 149 1413 totum
171 1373 262 1427 panem.’'
304 1371 355 1412 Inde
378 1372 427 1412 risus
451 1371 526 1421 sibilus,
550 1372 627 1421 clamor,
649 1376 669 1412 et
691 1373 787 1414 tumultus
806 1379 860 1414 ortus

85 1431 149 1468 totum
172 1428 229 1468 illum
250 1427 345 1467 haereticae
366 1426 507 1466 communionis
530 1430 643 1480 apparatum
665 1427 766 1477 subvertit,
789 1429 861 1469 frustra

86 1481 212 1522 renitentibus
240 1481 338 1521 ministris.
373 1480 399 1520 In
420 1481 506 1534 quodam
523 1496 575 1535 pago
595 1495 655 1535 prope
674 1482 698 1523 ab
718 1483 789 1536 oppido
808 1484 861 1524 Pon-

85 1541 132 1576 tana
142 1536 296 1589 (Drohadantha)
307 1535 395 1575 minister
404 1536 481 1590 Anglus
491 1537 565 1589 agebat,
572 1537 607 1590 qui
616 1536 736 1578 Catholicum
743 1539 862 1579 sacerdotem

86 1591 138 1645 pagi,
148 1596 265 1644 caeterosque
274 1590 385 1631 Catholicos
394 1592 469 1644 magnis
478 1591 571 1632 molestiis
579 1591 672 1633 afficiebat
681 1607 734 1633 nunc
744 1593 861 1634 sacerdotem

87 1646 173 1686 conando
190 1660 263 1699 capere,
273 1660 327 1686 nunc
342 1645 366 1685 de
375 1646 442 1687 vicinis
453 1646 545 1700 querellas
560 1646 680 1696 effundendo,
696 1648 861 1703 connubiisbap-

86 1701 143 1741 tismo
152 1701 253 1741 fimerihus
261 1701 340 1754 ahisque
349 1700 406 1740 rebus
416 1701 486 1741 divinis
492 1701 677 1743 rolendoiutcresse.
685 1702 735 1743 Cum
741 1704 860 1758 contigisset,

87 1759 110 1795 ut
120 1756 198 1809 quidam
206 1756 282 1796 ricinus
292 1755 371 1796 obiisset
381 1755 437 1805 diem,
446 1756 487 1809 ejus
497 1770 566 1810 corpus
573 1757 673 1798 inhumare
683 1758 747 1798 caeteri
757 1759 861 1813 cupiebant

87 1811 184 1851 sacerdote
199 1815 299 1864 prasente,
310 1815 329 1850 et
338 1810 426 1851 ministro
442 1811 511 1852 inscio.
536 1812 616 1852 Summa
630 1813 693 1865 quiete
703 1827 772 1866 corpus
781 1815 802 1854 in
811 1818 860 1854 tem-

86 1866 141 1919 plum
156 1866 218 1906 latum
233 1865 361 1906 circumdatur
371 1865 383 1905 a
391 1866 473 1906 foeminis
491 1865 546 1921 (nam
561 1868 599 1908 riri
608 1881 648 1907 non
656 1868 761 1909 intererant
769 1883 810 1923 prae
819 1870 861 1909 An-

86 1921 162 1973 glorurn
171 1921 234 1973 metu)
245 1921 368 1973 sepulchrum
377 1920 466 1961 effossum
480 1921 521 1974 jam
537 1925 583 1972 erat,
594 1922 700 1963 sacerdotes
710 1937 785 1964 sacrum
794 1925 862 1964 Missae

87 1975 180 2017 celebrare
189 1976 246 2029 caepit
261 1989 300 2016 uno
317 1989 377 2028 puero
389 1976 522 2028 respondente.
543 1976 603 2021 Quod
612 1977 713 2018 haereticus
722 1979 815 2028 minister,
826 1980 861 2032 qui

85 2034 146 2071 totam
155 2034 233 2071 noctem
248 2030 340 2083 vigilavit,
351 2044 395 2070 cum
410 2031 533 2083 explorasset,
545 2032 600 2081 clam,
612 2035 631 2071 ct
644 2032 711 2072 furtim
726 2034 820 2087 templum
829 2035 860 2074 in-

85 2100 162 2138 gressus
179 2087 235 2139 y'uxta
258 2085 308 2125 fores
331 2085 401 2125 tacitus
415 2087 469 2125 stetit
494 2085 554 2126 donec
577 2087 636 2126 fuerit
659 2102 734 2128 sacrum
753 2094 859 2141 peractum.

84 2141 135 2181 Tum
152 2155 197 2182 vero
217 2140 336 2181 sacerdotem
352 2140 400 2181 collo
416 2140 559 2194 deprehendens
581 2140 658 2181 calicem
683 2156 759 2195 quoque
783 2158 859 2184 sacrum

83 2196 166 2248 capiens,
191 2195 257 2245 “da''
281 2196 351 2249 inquit,
377 2195 446 2235 “hunc
469 2195 548 2236 calicem
568 2199 588 2236 et
609 2196 653 2236 veni
667 2200 696 2239 ‚tu
720 2210 804 2251 quoque,
819 2212 859 2238 me-

83 2264 128 2291 cum
146 2254 214 2305 captus
234 2251 349 2291 authoritate
365 2253 384 2290 et
394 2264 450 2303 Jussu
466 2251 558 2304 reginae.”
588 2251 860 2306 111111111111111115111111

85 2384 129 2418 ergo
142 2373 216 2418 perditae
232 2384 312 2418 personae
325 2374 417 2418 utriusque
429 2385 481 2407 sexus
494 2374 546 2417 hujus
560 2375 617 2408 sancti
625 2375 658 2409 viri
669 2376 741 2409 monitis
749 2381 767 2410 et
775 2379 859 2413 exhorta-

85 2418 162 2452 tionibus
170 2419 193 2452 ad
200 2419 272 2463 frugem
279 2419 372 2453 meliorem
377 2423 469 2452 venerunt.
482 2418 582 2453 Assistebat
588 2420 662 2454 coneilio
671 2426 689 2454 et
696 2422 762 2455 auxilio
767 2423 857 2460 Revdmo.

86 2463 164 2497 Domino
177 2464 267 2497 Dermitio
281 2464 352 2498 Gnatho
366 2464 454 2508 Episcopo
469 2463 584 2509 Goroagiensi
589 2479 595 2507 ;
607 2476 639 2498 nec
649 2466 745 2510 quidquam
753 2469 812 2512 magni
820 2480 858 2502 mo.

87 2509 142 2542 menti
149 2510 186 2543 siue
195 2511 233 2552 ejus
241 2510 315 2543 consilio
328 2509 388 2543 moliri
395 2508 490 2549 consuevit,
499 2508 581 2554 Mooney,
589 2522 606 2554 p.
614 2513 643 2543 52.
668 2511 721 2544 After
734 2512 820 2558 detailing
826 2515 859 2549 the

87 2565 139 2598 many
146 2565 216 2599 escapes
225 2554 246 2588 of
253 2554 357 2588 O'Sullivan
365 2554 411 2587 from
418 2554 449 2587 the
457 2553 513 2598 priest
524 2554 605 2596 hunters,
614 2555 636 2588 he
648 2556 688 2590 tells
695 2557 741 2595 how,
749 2557 796 2591 after
805 2560 860 2606 dying

87 2610 131 2632 near
138 2599 230 2640 Kilchree,
239 2600 261 2633 he
272 2612 308 2634 was
316 2600 386 2633 carried
393 2604 412 2633 11
419 2599 450 2633 the
458 2599 506 2632 tomb
515 2604 533 2632 at
540 2600 629 2644 midnight
636 2600 658 2644 by
666 2613 677 2634 a
684 2601 718 2634 few
725 2605 784 2647 trusty
792 2603 860 2639 [latho-

86 2644 125 2677 1111.
149 2644 171 2678 Ι1
181 2645 231 2684 1617,
239 2645 290 2678 there
296 2656 342 2679 were
350 2645 391 2678 four
399 2644 515 2678 Franciscaus
520 2644 576 2689 living
583 2656 626 2677 near
634 2644 725 2685 Kilohree,
733 2646 766 2680 but
773 2659 820 2682 were
827 2656 860 2685 not

87 2689 161 2723 allowed
168 2695 187 2723 to
196 2695 247 2723 enter
254 2690 284 2724 the
293 2694 375 2729 convent,
382 2690 428 2723 their
436 2689 525 2723 exclusion
538 2689 591 2734 being
599 2701 632 2723 one
640 2690 660 2722 of
671 2691 701 2724 the
714 2692 781 2726 clauses
794 2694 813 2727 in
827 2697 859 2730 the

87 2739 141 2777 grant
149 2735 170 2769 of
181 2735 213 2768 the
221 2740 296 2769 convent
304 2736 354 2769 lands
363 2739 382 2769 to
395 2735 470 2770 Gortuae
478 2734 519 2767 Mac
533 2734 629 2768 Diarmuid
641 2735 682 2769 Mac
692 2734 761 2781 Oarthy
775 2739 796 2772 of
807 2740 858 2775 Mus.

87 2778 146 2823 kerry.
170 2783 181 2800 “
188 2780 236 2814 Sunt
243 2780 267 2814 ibi
275 2781 370 2825 sepulturae
375 2779 508 2825 majorispartis
514 2779 567 2812 totius
575 2779 622 2812 illius
630 2780 721 2814 districtus
729 2782 821 2825 nobilium,
828 2789 858 2831 qui

87 2834 151 2868 magno
159 2825 197 2859 zelo
206 2825 290 2858 affectant
298 2826 448 2860 conservationem
462 2824 496 2858 loci
510 2828 527 2857 et
539 2828 580 2857 sunt
593 2829 611 2857 et
622 2835 690 2869 semper
701 2826 775 2862 fuerunt
786 2830 858 2866 boniac

87 2867 168 2903 liberales
176 2870 298 2904 benefactores
305 2870 410 2904 fratribus.'’
432 2871 481 2904 Most
489 2869 510 2902 of
515 2869 565 2903 those
573 2874 585 2891 “
591 2869 712 2904 benefactors’'
719 2883 767 2907 were
774 2882 830 2921 swept
835 2878 862 2911 off

88 2912 111 2956 by
120 2912 215 2949 Gromwell
222 2916 258 2948 and
265 2915 344 2949 William
352 2915 374 2949 of
380 2916 457 2961 Orauge.

112 2958 119 2973 ⁸
128 2959 185 2993 “The
193 2960 235 3003 only
242 2965 351 2994 amusement
359 2961 393 2993 and
398 2959 520 2994 conversation
525 2960 568 2994 with
573 2959 631 2993 which
638 2960 680 3006 they
686 2961 771 3006 beguiled
778 2966 809 2999 the
816 2967 860 3001 time

88 3000 111 3044 by
120 3001 152 3046 day
160 3005 194 3037 and
202 3005 259 3049 night,
266 3017 302 3038 was
309 3005 407 3050 lamenting
414 3005 461 3039 their
474 3004 553 3038 troubles
561 3005 597 3038 and
606 3005 689 3052 listening
696 3011 716 3040 to
724 3008 755 3041 the
763 3011 812 3044 oruel
820 3023 860 3046 seu-

88 3049 146 3080 tences
154 3050 268 3092 pronounoed
276 3062 299 3084 on
307 3051 337 3083 the
345 3050 388 3095 high
396 3052 440 3084 horn
448 3049 509 3084 nobles
515 3050 536 3083 of
541 3050 631 3084 lreland.”
647 3052 695 3086 Foar
701 3052 785 3096 Martae,
791 3068 808 3101 p.
818 3060 858 3092 865.
