2237 3535
116 373 154 401 111
168 361 216 414 vm]
264 373 292 400 un
306 373 427 404 rsuuuouuu
442 376 532 405 ironicus
547 376 614 408 araon
628 376 748 404 armemur.
864 368 891 407 43

116 471 219 512 auferatur.
243 470 296 512 Nam
304 472 384 524 qualiter
393 474 435 528 ipsa
451 488 528 527 quoquc
538 473 642 514 execranda
652 473 730 514 haeresis
737 469 827 514 damnata
841 476 889 528 esti}
899 485 942 530 [aa]

115 526 174 567 latere
187 541 223 568 vos
231 540 273 566 non
282 526 351 568 debet:
367 530 411 581 quia
425 544 464 570 non
474 529 538 569 solum
545 543 579 582 per
588 529 634 569 istos
645 527 739 569 ducentos
748 542 809 569 annos
819 528 892 571 abolita

116 585 151 632 est,
161 582 195 623 sed
204 586 224 623 et
233 581 320 635 quotidie
329 584 402 625 anobis
411 589 504 639 perpetuo
523 584 644 624 anathemate
658 583 733 637 sepulta
744 584 856 625 damnatur:
872 590 892 625 et

115 636 214 678 hortamur
219 651 244 678 ne
254 651 336 690 quorum
343 653 394 680 arma
401 640 502 680 combusta
508 644 560 687 sunt,
572 638 624 692 apud
641 652 676 678 vos
686 652 752 679 eorum
762 639 836 680 cineres
847 654 891 680 sus-

115 693 204 733 citentur.
228 692 282 733 Nam
299 693 340 746 quis
356 709 396 735 non
410 698 508 735 execretur
522 693 628 747 superbum
635 706 702 734 eorum
717 708 815 743 conamen,
827 698 846 734 et
855 695 891 735 im-

114 748 174 801 pium,
185 747 290 789 dicentium
299 762 354 801 posse
364 750 404 790 sine
413 753 493 804 peccato
507 749 606 790 homiuem
615 749 696 789 existere
706 763 730 789 ex
739 749 816 803 propria
822 749 890 790 volun-

114 807 160 853 tate}
171 807 190 844 et
199 817 239 844 non
255 817 278 843 ex
292 804 353 858 gratia
361 804 415 846 Dei?
444 805 561 858 Etprimum
572 804 649 858 quidem
663 803 782 857 blasphemia
797 807 816 844 et
826 804 890 845 stulti-

113 858 200 912 loquium
211 862 240 899 est
246 858 315 908 dicere,
325 874 365 900 esse
373 860 471 901 hominem
480 861 522 901 siue
527 865 612 914 peccato,
621 858 674 912 quod
683 859 761 899 ormino
769 873 809 899 non
819 862 889 913 potest,

113 914 152 954 nisi
169 928 221 954 unus
236 913 329 955 mediator
338 914 376 955 Dei
386 919 405 955 et
421 915 528 964 homiuum,
547 915 606 956 homo
620 914 710 955 Christus
725 914 789 963 Jesus,
805 915 890 967 quisine

112 973 191 1023 peccato
211 973 240 1010 est
259 973 362 1023 conceptus
381 974 400 1011 et
415 974 489 1023 partus.
516 970 570 1011 Nam
585 970 648 1011 caete1i
657 970 889 1022 homiuescurnpeccato

113 1024 202 1078 originali
209 1025 317 1075 existentes,
327 1029 403 1078 portare
412 1029 519 1065 noscuntur
526 1025 631 1066 secundum
643 1025 759 1079 prophetam
770 1024 889 1065 dicentem.”

142 1080 212 1122 “Ecce
222 1080 273 1120 enim
292 1081 313 1121 in
330 1080 464 1133 iniquitatibus
481 1083 586 1134 conceptus
595 1094 638 1121 sum
648 1079 697 1121 etin
707 1080 791 1134 peccatis
799 1081 889 1135 concepit

113 1149 144 1176 me
153 1140 213 1177 mater
219 1135 282 1176 mea.'’

141 1191 204 1244 Igitur
212 1194 235 1230 ut
245 1204 269 1230 ex
278 1189 347 1231 duobis
357 1190 387 1230 his
395 1189 490 1241 capitibus
504 1189 724 1243 Apostolicael'lpistolae
734 1190 783 1230 clare
800 1194 886 1244 apparet,

112 1260 152 1287 non
161 1260 227 1286 omnes
240 1245 307 1286 Iberni
316 1244 350 1285 sed
356 1244 415 1297 aliqui
424 1249 501 1295 ternpus
511 1244 580 1296 agendi
590 1244 660 1284 festum
673 1250 798 1284 sacrosanctae
813 1245 886 1286 'Resur-

110 1301 200 1342 rectiouis
210 1300 291 1341 Domini
300 1298 421 1353 ignorabant,
432 1303 451 1338 et
460 1297 586 1350 Pelagianum
596 1298 684 1338 delirium
700 1299 721 1338 in
737 1299 886 1352 disputationem

112 1356 238 1397 deduxerunt.
266 1354 363 1394 Oceterum
387 1367 428 1393 non
451 1352 554 1401 obstinato,
579 1367 618 1393 non
641 1353 708 1406 impio,
733 1367 773 1393 non
795 1355 886 1395 haeretico

111 1411 174 1451 animo
191 1411 246 1462 sequi
264 1408 312 1449 falsa
328 1408 419 1461 dogmata
438 1411 553 1448 statuerunt.
584 1407 626 1458 Sed,
642 1413 666 1448 ut
684 1408 718 1448 fidi
733 1408 828 1449 Catholici
846 1411 886 1450 veri

111 1465 183 1505 sciendi
200 1464 271 1518 cupidi,
289 1463 400 1503 obedientes
410 1463 494 1503 ecclesiae
502 1462 537 1503 tilii
547 1462 611 1503 sedem
629 1463 768 1516 Apostolicam,
779 1464 886 1505 veridicum

109 1520 209 1561 oraculum
216 1518 361 1568 consuluerunt,
371 1518 441 1558 litteris
451 1518 565 1571 perlegatos
576 1519 637 1559 missis
648 1519 761 1572 Severinum
770 1518 886 1560 Pontificem

110 1584 213 1625 summum,
224 1575 258 1628 qui
273 1588 317 1615 cum
331 1588 373 1614 non
389 1572 519 1626 respondisset
532 1577 594 1614 morte
608 1577 725 1626 praeventus,
736 1574 777 1626 ejus
787 1588 886 1615 successor

109 1629 209 1671 lohannes
218 1644 269 1683 papa
278 1628 350 1670 electus
360 1642 403 1668 cum
411 1628 459 1677 aliis,
466 1628 499 1681 qui
505 1628 555 1669 sedis
563 1628 680 1682 Apostolicae
689 1628 754 1669 locum
765 1628 885 1679 obtinebant,

109 1684 182 1732 nodum
200 1685 258 1725 soluit
272 1684 342 1725 eisdem
351 1683 421 1736 legatis
432 1683 456 1723 ad
465 1683 553 1732 Ibernos,
559 1684 627 1724 litteris
641 1683 713 1734 relatis,
723 1683 805 1724 traditis.
835 1683 885 1725 Cum

109 1754 154 1781 vero
173 1741 273 1781 extiterint
282 1739 341 1793 Papae
349 1739 414 1793 plures
424 1740 501 1778 nomine
511 1738 525 1778 J
526 1739 617 1787 ohannes,
632 1744 662 1779 est
672 1753 735 1792 operae
749 1739 840 1792 pretium,
851 1740 884 1780 ad-

108 1809 186 1836 monere
199 1796 242 1849 quis
251 1795 309 1835 tuerit
328 1794 386 1848 hujus
402 1793 488 1847 epistolae
496 1795 572 1834 author.
601 1793 689 1847 Cumque
703 1793 757 1834 Beda
766 1794 830 1835 tradat
841 1809 886 1835 eum

108 1851 221 1891 successisse
236 1849 346 1904 proximum
362 1849 452 1889 Sererino
469 1849 575 1889 successori
591 1848 681 1898 Honorii,
698 1848 778 1889 dubium
792 1863 833 1890 uon
850 1855 885 1899 est,

109 1906 155 1958 quiu
171 1909 201 1946 est
211 1908 296 1958 quartus,
314 1904 347 1957 qui
356 1918 443 1943 summus
456 1903 545 1944 Pontifex
562 1908 636 1944 creatus
644 1909 680 1953 est,
710 1905 767 1944 Auno
785 1904 885 1946 Dominici

107 1960 184 2001 Natalis
194 1960 338 2008 sexcentesimo,
352 1958 457 2011 trigesimo,
467 1962 542 2008 octavo,
558 1959 588 1999 die
598 1959 671 2000 decimo
687 1964 754 2012 quarto
765 1959 884 2009 Decembris,

107 2021 130 2057 ut
139 2015 237 2056 Victorius
245 2013 340 2056 Baldinus
348 2013 445 2054 memoriae
455 2014 559 2054 mandarit.

438 2305 496 2345 GAP.
512 2303 572 2345 VH„

182 2416 203 2450 In
211 2425 273 2449 eorum
282 2424 319 2458 qure
326 2411 409 2449 diximus
418 2410 577 2452 confirmationem,
585 2411 685 2445 testimonia
692 2413 801 2449 referuntur.

106 2526 159 2571 Qum
175 2525 265 2572 diximus,
282 2522 382 2569 hactenus,
400 2519 445 2573 quia
461 2522 507 2558 sunt
523 2519 582 2560 bodie
597 2520 694 2575 plerisque
709 2524 775 2575 ignota
794 2528 882 2566 veterum

106 2582 220 2636 scriptorum
229 2578 345 2619 testimoniis
355 2575 402 2617 fides
412 2578 441 2615 est
451 2573 565 2614 nutantibus
574 2575 666 2617 facienda.
696 2577 786 2630 Namque
795 2580 882 2620 ueritatis
907 2614 909 2616 ,

105 2651 183 2678 causam
201 2638 269 2676 contra
283 2632 411 2680 mendacium,
426 2630 527 2670 homiuum
540 2631 667 2672 temeritatem
677 2632 742 2682 tutari,
753 2637 783 2673 est
791 2639 882 2676 nostrum

103 2692 221 2733 institutum.
252 2689 322 2742 Itaque
329 2688 411 2728 Sanctus
420 2684 530 2726 Bernardus
540 2683 564 2724 de
574 2684 690 2727 Bencorensi
700 2690 823 2739 monasterio,
829 2691 882 2744 quod

104 2753 135 2788 est
154 2747 176 2787 in
198 2744 278 2786 ibernia
298 2743 383 2784 scribens
400 2743 432 2790 ait,
449 2740 543 2792 “Nempe
565 2739 706 2782 nobilissimum
722 2743 813 2785 extiterat
836 2750 881 2786 ante

105 2802 141 2842 sub
167 2801 230 2855 primo
259 2802 314 2854 patre
334 2796 431 2851 Congello
461 2795 522 2835 multa
554 2794 613 2835 millia
641 2801 753 2839 sanctorum
780 2814 880 2853 generans,

104 2857 209 2898 multorum
233 2853 394 2896 monasteriorum
423 2854 487 2904 caput,
506 2850 560 2889 locus
589 2864 632 2891 vere
661 2858 745 2904 sanctus,
770 2855 880 2897 faecundas-

105 2924 142 2962 que
165 2915 283 2961 sanctorum,
308 2907 438 2962 copiosissime
455 2904 571 2946 fructificans
588 2905 636 2957 Deo,
660 2908 688 2948 ita
712 2913 734 2949 ut
758 2923 810 2950 uuus
829 2910 880 2951 filius

57 3005 59 3008 .
104 2964 156 3007 illius
180 2970 256 3008 sauctae-
278 2963 432 3018 congregationis
456 2961 533 3018 nomine
558 2959 637 3004 Luanus
657 2968 736 3005 centum
760 2965 813 3007 solus
839 2980 879 3006 mo-
