2237 3535
94 385 189 437 111111]
303 398 331 427 ou
345 400 409 428 auaro
424 401 547 432 ouruuacnu
561 401 669 430 annorum.
825 394 864 433 145

92 495 158 549 opinio
167 493 307 536 condemnatur
316 511 366 539 auno
384 500 445 548 1603,
456 502 560 552 postquam
573 498 646 539 bellum
656 501 685 539 est
694 498 743 553 pene
753 501 869 552 conlectum,

91 555 114 589 ut
124 564 159 589 suo
175 549 217 591 loco
231 549 293 591 fusius
311 552 490 594 demonstrabimus.
520 552 580 596 Quod
596 554 612 593 si
629 554 704 607 integro
714 553 765 595 bello
776 570 797 596 ea
811 557 870 597 factio

90 605 233 658 gymnasiorum
248 606 342 658 judicium
358 610 467 663 accepisset,
484 622 524 648 non
541 607 615 658 dubito,
632 610 680 662 quin
699 624 756 659 arma,
778 625 820 664 quae
834 625 870 665 pro

89 660 184 700 haereticis
194 662 281 713 sumpsit,
291 663 312 703 in
322 664 398 704 eosdem
408 663 505 717 gessisset.

420 947 477 988 011³.
493 947 531 987 IV.

204 1053 244 1087 Non
253 1055 312 1094 armis,
320 1056 351 1089 sed
358 1054 427 1088 artibus
435 1054 488 1088 variis
496 1055 571 1089 Ibernos
580 1054 633 1088 fuisse
642 1061 740 1100 superatos.

88 1158 191 1199 quunrcn
200 1162 269 1209 antem,
280 1164 299 1199 et
309 1158 407 1200 Oatlrolica
416 1159 473 1206 tactio
490 1173 531 1198 non
546 1158 606 1199 hostis
617 1159 694 1209 virtute,
705 1174 745 1201 uon
764 1161 864 1204 haeretico-

89 1228 132 1254 rum
142 1215 205 1263 annis,
216 1214 249 1254 sed
259 1216 311 1255 vario
329 1214 372 1254 dolo
382 1217 403 1253 et
412 1216 548 1266 stragemmate
557 1213 594 1253 fuit
603 1214 662 1254 victa.
690 1215 743 1255 illud
753 1217 865 1270 Anglorum

87 1269 125 1309 tuit
134 1283 174 1309 non
184 1269 274 1309 ultimum
284 1273 427 1321 stratagemma,
438 1268 490 1320 quod
499 1267 534 1306 ubi
550 1266 623 1307 bellum
642 1269 726 1322 incaepit,
736 1270 789 1312 illico
799 1287 863 1326 perse-

87 1324 192 1373 cutionem,
202 1327 260 1376 atque
269 1323 391 1376 tyrannidem
397 1322 515 1362 dimittentes
521 1335 557 1361 nec
565 1322 672 1362 sacerdotes
682 1323 764 1365 Ibernos
774 1327 863 1379 Anglicae

86 1378 181 1427 factionis
191 1393 227 1418 nec
236 1378 336 1418 saeculares
345 1376 428 1417 lbernos
441 1390 482 1416 suae
491 1375 570 1416 ditionis
577 1375 701 1426 lacessebant,
712 1379 742 1419 vel
756 1380 863 1433 irritabant,

86 1434 163 1472 tametsi
179 1432 279 1486 pubhcum
294 1446 352 1472 usum
370 1430 475 1471 Catholicae
490 1429 590 1483 religionis
604 1445 705 1485 nunquam
714 1434 807 1476 tulerim:
825 1440 864 1489 quta

86 1488 208 1540 indulgentia
226 1487 322 1540 principes
341 1485 426 1528 lbernos.
441 1485 530 1525 factionis
548 1485 643 1539 Anglicae,
659 1488 767 1529 sacerdotes
783 1491 864 1544 aliquos,

86 1545 149 1594 atque*
154 1542 240 1582 civitates
250 1542 271 1581 in
281 1541 366 1581 amicitid
375 1541 519 1581 continuerunt.
549 1540 570 1581 Is
587 1541 638 1581 enim
652 1545 681 1582 est
690 1543 800 1597 Anglorum
814 1561 863 1598 mos,

86 1600 105 1635 et
115 1596 209 1637 Ibemicae
218 1596 329 1649 reipublice
341 1596 496 1636 administrandae
513 1596 569 1645 ratio,
579 1599 602 1635 ut
618 1597 640 1636 in
656 1596 712 1647 bello,
724 1599 832 1654 dubiisque,
844 1608 864 1643 et

86 1651 171 1692 adversis
179 1650 236 1691 rebus
246 1651 329 1691 Ibernos
344 1666 369 1691 ne
385 1651 465 1691 minima
473 1650 545 1704 injuria
554 1655 666 1704 provocent,
676 1652 746 1695 facient
756 1657 828 1709 magni,
844 1663 864 1698 et

85 1706 141 1746 donis
151 1710 233 1756 ornent,
248 1707 269 1747 iu
278 1720 331 1759 pace,
339 1710 358 1746 et
367 1705 425 1746 rebus
435 1705 524 1746 secundis
532 1705 629 1760 jugulent,
640 1706 721 1758 deleant,
731 1711 820 1762 perdant.

112 1761 225 1814 Finigaldae,
235 1762 266 1802 vel
275 1761 363 1814 Anglicae
369 1760 481 1814 provinciae,
489 1764 509 1801 et
517 1760 638 1814 principibus
648 1761 723 1804 Ibernis
730 1766 776 1805 novi
786 1768 862 1819 generis

84 1819 126 1856 toto
143 1814 207 1856 studio
222 1816 336 1869 persuadere
354 1816 419 1856 conati
437 1820 489 1865 sunt,
505 1815 550 1856 illos
566 1816 626 1856 luisse
644 1819 797 1870 possessionibus
814 1823 861 1872 suis,

84 1875 141 1924 atque
151 1871 222 1911 finibus
231 1871 331 1924 pellendos
341 1870 364 1911 ab
374 1871 459 1924 antiquis
469 1869 552 1920 Ibernis,
563 1871 596 1924 qui
607 1885 643 1924 pro
654 1871 752 1914 Oatholicd
761 1876 799 1916 tide
809 1891 862 1917 arma

84 1930 214 1979 sumpserunt,
225 1927 241 1965 si
250 1926 361 1967 vincerent:
377 1938 416 1978 qua
431 1925 506 1966 fallacia
521 1925 587 1966 faciles
603 1926 692 1967 homines
701 1943 741 1969 non
751 1931 809 1971 modo
824 1932 862 1973 sibi

84 1980 202 2031 obedientes,
212 1980 245 2021 sed
255 1981 327 2020 multos
336 1980 440 2021 Catholicis
449 1980 535 2020 intensos
545 1980 677 2022 reddiderunt.

111 2036 244 2089 Hispanorum
260 2035 367 2076 inauditam
383 2034 521 2084 crudelitatem,
539 2040 559 2075 et
573 2035 625 2088 leges
640 2037 716 2090 iniquas
737 2053 778 2080 esse
797 2042 860 2095 Angli

66 2104 67 2107 ¹
83 2092 176 2144 praetecti,
186 2096 206 2132 et
215 2090 370 2131 Ministroclerici
379 2104 414 2142 per
424 2104 449 2138 se,
460 2094 479 2129 et
488 2104 523 2143 per
532 2090 579 2130 alios
585 2090 682 2131 adhibitos
688 2094 825 2145 praedicabant,
837 2101 860 2136 ut

83 2145 106 2185 ab
123 2160 189 2187 eorum
204 2146 288 2187 amicitid
302 2145 384 2185 Ibernos
400 2145 529 2194 deterrerent,
546 2145 579 2185 sed
594 2144 649 2186 aliter
664 2160 704 2187 rem
719 2148 790 2189 habere
800 2151 858 2192 hodie

82 2200 131 2240 nulli
140 2200 255 2241 Ibernorum
265 2205 342 2241 nonest
351 2199 542 2253 exploratissimumll

110 2255 178 2295 Iberni
188 2257 204 2296 si
213 2256 283 2296 millies
293 2255 318 2296 ab
327 2255 397 2308 Anghs
406 2256 427 2295 in
434 2253 484 2294 bello
492 2254 600 2304 deficerent,
608 2255 666 2295 toties
675 2257 740 2296 tamen
750 2256 774 2297 ab
785 2258 857 2300 eisdem

81 2309 102 2348 in
112 2310 193 2362 gratiam
208 2311 338 2365 reciperentur
353 2314 373 2351 et
388 2308 472 2350 reatibus
489 2309 579 2349 omnibus
588 2310 701 2354 condonatis
710 2311 790 2365 insuper
800 2313 857 2355 donis

81 2363 207 2405 afficerentur.
236 2365 332 2407 Oaeterum
342 2366 375 2419 qui
383 2365 414 2405 rel
429 2364 487 2405 semel
497 2364 618 2405 deficiuntin
633 2379 686 2419 pace,
696 2369 758 2406 morte
767 2368 857 2421 plectun-

80 2422 119 2468 tur,
130 2423 149 2459 et
159 2420 219 2474 Angli
228 2434 253 2461 ne
260 2422 319 2462 fidem
331 2422 416 2474 frangere
424 2419 530 2468 rideantur,
544 2419 581 2459 illis
598 2420 629 2460 vel
638 2420 686 2460 falso
696 2435 768 2461 novum
783 2423 857 2465 crimen

81 2473 182 2528 objiciunt,
192 2475 222 2516 rel
232 2488 353 2531 quacumque
363 2475 420 2516 causti
432 2475 489 2514 etiam
505 2474 601 2514 levissima
610 2475 635 2515 ad
645 2474 763 2516 inferendam
772 2482 856 2520 mortem

81 2533 127 2569 sunt
146 2531 232 2571 contenti
246 2531 271 2572 ld
288 2546 324 2585 ego
342 2531 419 2585 quidem
433 2529 455 2569 eb
472 2529 536 2569 minus
551 2530 616 2578 miror,
631 2530 683 2583 quod
699 2544 754 2583 pana
768 2545 803 2585 par
822 2548 856 2575 eos

81 2597 158 2638 quoque
178 2589 261 2636 maneat,
276 2588 310 2641 qui
332 2599 431 2640 nunquam
446 2583 469 2624 ab
486 2583 524 2624 illis
540 2583 667 2634 desciverunt,
684 2585 741 2625 modo
759 2586 856 2630 Catholici

68 2639 125 2688 sint,
142 2640 218 2693 quibus,
236 2643 273 2682 etsi
297 2642 347 2683 nihil
367 2641 423 2696 pejus
439 2639 542 2680 ediderunt
557 2639 623 2692 Angli,
641 2653 681 2679 non
697 2643 763 2681 tamen
773 2644 855 2685 cariores

79 2692 152 2735 habent
171 2710 203 2736 eos
219 2695 307 2746 Ibernos,
325 2698 358 2751 qui
372 2695 456 2737 haeretici
473 2697 523 2742 suut,
542 2695 629 2747 quamvis
644 2707 688 2734 cum
697 2695 724 2735 eis
733 2695 854 2750 famiharius,

80 2746 190 2802 benignius,
201 2751 290 2792 blandius
301 2749 363 2793 adhuc
370 2755 434 2806 agant,
442 2750 487 2790 dum
495 2762 560 2789 eorum
567 2761 630 2801 opera,
641 2752 660 2788 et
670 2749 741 2790 anxiho
750 2752 773 2793 in
783 2753 854 2795 Catho-

79 2801 265 2848 licorumercidium
275 2811 370 2857 utuntur,
385 2811 429 2860 post
448 2803 556 2845 Catholicos
566 2802 638 2844 deletos
647 2804 704 2845 simili
722 2809 781 2860 paenh
795 2810 854 2850 haere-

79 2856 127 2897 ticos
137 2873 214 2914 quoque
224 2862 315 2912 affecturi,
327 2878 374 2917 quos
384 2876 443 2916 mque,
454 2863 510 2913 atque
520 2858 628 2899 Catholicos
642 2859 731 2913 diligunt,
742 2866 762 2902 et
777 2879 817 2904 non
831 2879 855 2906 ex

79 2912 149 2962 aniuro,
160 2916 192 2956 sed
210 2917 335 2967 simulares
351 2922 404 2958 ructu
420 2916 518 2957 haereticos
535 2928 581 2963 esse,
597 2928 638 2955 non
653 2914 750 2968 ignorant.
780 2919 855 2961 Eodem

79 2977 155 3018 quoque
166 2971 229 3010 animo
246 2972 267 3012 in
284 2973 352 3013 Scotos
369 2987 410 3013 esse
426 2972 526 3012 Scotorum
540 2970 638 3010 neminem
646 2972 736 3025 praeterit.
767 2974 810 3015 Nec
825 2981 855 3016 est

190 3026 216 3063 19
