2237 3535
212 949 324 1012 lllllllNl
341 950 478 1009 PunllPr
503 949 707 1027 o’suttutlur,
725 950 842 1011 uultui
863 951 980 1011 lssllltllb

431 1101 510 1142 nour
534 1102 564 1153 1.,
588 1102 683 1144 ninus
706 1102 754 1144 111,

276 1236 308 1268 DE
318 1237 459 1270 IBERNORUM
470 1238 574 1278 omenes,
588 1238 738 1278 NOBILITATE,
751 1240 782 1273 ΕΤ
795 1240 912 1273 SERMONE.

221 1419 225 1427 ι
236 1364 371 1417 Superioribus
380 1366 434 1407 libris
445 1365 519 1407 duobus
534 1367 638 1419 Iberniam,
652 1369 674 1410 ni
683 1369 744 1419 fallor,
755 1369 951 1424 satisrlesoripsimns
962 1374 981 1410 et

209 1433 249 1472 equs
258 1434 288 1460 res
298 1426 405 1461 memoratu
416 1422 511 1475 digniores
520 1424 691 1478 promulgavimus.
720 1425 813 1466 Historiue
822 1426 880 1466 series
889 1424 981 1479 postulat,

209 1478 231 1514 ut
241 1474 357 1516 Ibernorurn
367 1476 467 1530 originem,
478 1477 604 1529 nobilitatem,
614 1478 739 1533 linguamque
748 1485 866 1534 repetamus.

548 1801 607 1842 oAP.
622 1801 640 1842 Ι.

416 1915 490 1949 Veteres
499 1914 558 1950 Iberni
566 1917 613 1950 unde
621 1928 676 1962 genus
684 1917 772 1952 trahunt?

208 2020 240 2063 An
250 2020 302 2062 orbis
312 2019 397 2069 exordio,
407 2019 438 2060 vel
448 2019 514 2059 saltem
524 2018 547 2059 ab
557 2019 646 2060 uniuerso
661 2033 754 2073 aquarum
768 2021 846 2072 diluvio,
860 2034 903 2075 quae
913 2024 979 2074 gentes

208 2077 306 2118 lberniam
316 2076 416 2124 coluerint,
426 2073 520 2114 lbernioec
529 2074 602 2128 lingum
608 2077 738 2116 monumentis
745 2077 879 2117 uetustissimis
886 2076 980 2130 proditur,

208 2137 227 2173 et
237 2132 328 2174 Giraldus
339 2131 396 2171 etiam
406 2129 528 2170 Cambrensis
543 2129 626 2169 breviter
640 2135 739 2170 memorat.
769 2131 833 2175 Quam
847 2145 895 2179 rem,
906 2131 951 2184 quia
961 2135 980 2171 et

207 2189 284 2242 majoris
294 2190 323 2227 est
333 2186 374 2235 otii,
384 2185 452 2239 illique
461 2184 506 2224 libri
515 2183 572 2224 nobis
581 2198 622 2223 non
631 2189 743 2238 suppetunt,
751 2188 770 2225 et
778 2186 801 2225 acl
810 2200 894 2239 praesens
903 2186 980 2226 institu-

206 2248 249 2284 tum
258 2258 298 2283 non
308 2246 338 2282 est
347 2241 402 2281 ualde
409 2240 523 2288 necessaria,v
531 2238 563 2279 nte
574 2239 649 2287 omitto,
660 2239 729 2279 Gentis
734 2240 829 2282 ibernioee
837 2245 914 2280 tantum
920 2252 981 2294 genus

136 2312 138 2314 ·
206 2299 307 2339 relaturus¹
336 2295 406 2349 Itaque
422 2294 542 2348 temporibus
557 2294 596 2334 illis
611 2294 678 2346 priscis
694 2295 716 2334 in
733 2293 827 2347 Hispania
844 2295 944 2336 dominatu
961 2300 981 2337 et

206 2354 293 2407 potentia
302 2352 374 2405 polluit
387 2351 465 2404 Brigus,
482 2350 514 2390 oni
529 2349 582 2389 filius
597 2348 670 2389 Bellus.
699 2349 750 2389 Belli
766 2350 815 2390 filios
831 2351 879 2391 dnos
896 2351 981 2392 Ibernici

206 2409 250 2449 libri
259 2410 373 2455 memorant,
384 2406 456 2446 Golum
465 2405 625 2458 natumajorem,
642 2404 666 2444 ob
681 2418 746 2444 rerum
762 2410 859 2458 gestarum
876 2405 980 2447 claritatem

151 2461 198 2504 [32]
207 2465 321 2517 cognomine
337 2460 452 2502 “militem'’
468 2460 598 2514 Hispanumll
613 2459 671 2511 (unde
681 2459 705 2499 ab
721 2459 762 2499 aliis
778 2460 845 2502 Mitius
863 2465 882 2501 et
892 2461 980 2501 Milesius

206 2518 331 2569 nominatum]
343 2520 363 2557 ot
373 2517 449 2557 Ithium
458 2516 558 2556 minorem.
588 2514 653 2554 lthius
667 2515 772 2555 conscenst
787 2517 831 2557 navi
846 2517 868 2556 in
883 2515 979 2557 lberninm

207 2574 286 2628 appulit,
297 2572 332 2613 ubi
341 2572 365 2613 ab
375 2571 471 2626 indigenis
486 2571 586 2618 occiditur,
598 2570 662 2610 veritis
672 2584 696 2609 ne
706 2569 843 2612 florentissimae
852 2571 921 2612 insulae
930 2586 980 2612 nun·

206 2631 234 2670 tio
243 2644 277 2684 per
287 2628 380 2669 advenam
391 2626 496 2679 divulgato,
508 2626 544 2680 ipsi
555 2626 578 2666 ab
589 2624 631 2664 aliis
641 2624 732 2678 gentibus
749 2631 912 2680 oppugnarentur.
942 2627 980 2668 Sed

206 2686 247 2738 ejus
257 2684 337 2726 comites
347 2682 427 2737 aliquot,
438 2682 472 2734 qui
480 2682 526 2735 fuga
536 2681 620 2721 salntem
629 2680 744 2732 petiverunt,
759 2684 821 2723 uentis
831 2682 874 2723 vela
884 2682 950 2723 dantes
960 2687 980 2723 et

207 2729 261 2781 <lucis
270 2738 389 2792 interempti,
400 2742 419 2778 et
435 2736 505 2777 insulae
520 2736 592 2777 famam
609 2735 630 2774 in
645 2734 758 2788 Hispaniam
775 2738 888 2779 attulerunt.
919 2736 949 2777 Ob
959 2738 980 2778 id

206 2795 272 2836 militis
285 2794 370 2848 Hispani
379 2791 416 2833 filii
423 2792 488 2846 patrui
497 2806 564 2832 necem
573 2789 641 2838 ulturi,
651 2796 759 2844 comparata
769 2792 828 2834 classe
844 2793 867 2832 in
881 2791 980 2832 lbcrniam

206 2850 279 2890 faciunt
289 2848 436 2902 expeditionem.
458 2846 524 2900 Aliqui
534 2845 611 2888 casibus
620 2845 676 2885 variis
686 2846 823 2889 desiderantur..
842 2847 889 2887 Tres
899 2847 979 2901 sospites

206 2904 274 2945 insulae
292 2903 390 2944 littoribus
409 2917 467 2944 naves
487 2902 627 2956 applicuerunt.
657 2899 744 2943 Quorum
759 2904 853 2945 maximus
873 2905 921 2943 natu
940 2908 980 2944 erat

206 2959 275 3000 Iberus
284 2958 316 2999 vel
325 2958 407 2999 Ibernns
417 2957 522 3008 Candidus,
533 2955 635 2998 Secundus
645 2955 730 3007 Erimon,
745 2962 792 3000 natu
806 2958 910 2999 minimum
918 2956 978 3000 nter-
