2237 3535
252 366 292 406 178
391 367 526 408 (1501111111
540 379 642 408 nrsronra
659 380 784 417 carnosiora,
794 380 842 409 1011.
853 380 887 408 111.
935 366 978 419 [mu
993 378 1026 406 111.

250 479 296 515 nata
305 475 428 517 vehementer
445 476 532 529 angebat,
543 489 601 530 quam
617 476 685 516 statuit
695 475 781 517 subsidio
790 481 810 518 et
820 480 927 519 commeatu
936 475 1026 516 interclu-

251 529 302 580 dere,
313 531 407 572 firmatam
426 531 489 572 valido
506 531 595 584 praesidio
614 545 655 571 non
674 544 733 570 ausus
752 545 871 586 oppugnare.
908 531 946 572 Sed
964 530 1027 571 Divus

250 585 344 627 Patritius
353 586 436 627 Iberniee
445 600 514 640 praeses
524 591 544 627 et
553 590 625 636 custos,
636 586 670 639 qui
678 586 751 639 primus
761 585 830 626 urbem
846 588 898 628 illam
908 587 951 628 Deo
961 599 1026 626 conse-

249 642 316 690 cravit,
332 641 384 693 quod
399 641 492 694 oppidum
507 645 595 682 sanetum
605 641 629 682 ab
639 640 734 682 haereticis
747 640 806 695 impie
820 642 943 694 polluebatur
952 640 1027 682 sceleris

250 696 364 749 supplicium
382 695 458 736 differre
473 696 543 737 noluit.
572 697 593 737 Is
609 696 660 737 enim
676 696 760 737 ereditur
777 697 855 737 antistes
870 697 904 737 ille
920 698 979 738 luisse
994 696 1028 749 qui

249 749 390 803 pontificalibus
396 752 482 792 vestibus
488 751 652 805 iudutus,Anglis
658 754 718 792 noctu
728 766 779 806 saepe
789 752 904 805 conspicuus
914 751 1024 806 apparebat,

249 810 268 845 et
277 809 306 844 est
315 805 406 855 minatus,
422 807 482 847 hastis
498 807 568 847 ferreas
584 806 673 860 cuspides
689 806 761 847 ademit
770 810 790 846 et
803 806 914 847 bombardis
928 806 1027 860 plumbeas

248 859 333 912 glandes,
343 861 476 915 uitratumque
484 862 584 915 pulverem
598 861 716 902 extrahebat.
746 861 806 915 Orrjus
816 862 844 902 rei
857 866 930 902 terrore
939 861 1027 901 Romlius

247 914 325 968 Auglus
335 915 376 956 (11111
392 917 477 957 cohortis
486 917 510 957 ad
527 917 621 958 insaniam
637 930 688 970 pene
703 916 792 957 redactus
801 924 837 966 est,
847 921 866 958 et
876 916 941 957 Baker
951 916 1027 969 Anglus

249 970 332 1010 cohortis
343 971 396 1024 optio
406 972 427 1012 in
438 972 504 1025 templi
514 973 583 1025 pinnas
593 972 696 1026 apraesule
711 971 804 1012 deductus
817 972 889 1026 juravit
899 986 919 1012 se
928 985 1028 1024 nunquam

248 1024 330 1078 amphus
340 1027 412 1080 templa
421 1027 538 1068 violaturum
548 1031 568 1067 et
577 1027 663 1068 divinam
679 1026 784 1067 vindictam
793 1028 863 1067 timens
873 1027 943 1068 1111111111
953 1026 1028 1067 deserta

248 1080 273 1120 ad
282 1081 340 1121 fidem
356 1082 476 1123 Oarhoficam
493 1096 596 1123 conuersus
613 1082 745 1136 penitentiam
759 1096 816 1135 agere
826 1083 887 1136 caepit.
919 1081 982 1127 (luem
992 1095 1028 1134 ego

248 1149 314 1175 casum
331 1137 464 1191 contemplans
481 1152 521 1178 non
537 1152 617 1191 possum
633 1137 722 1177 cohibere
737 1136 849 1191 lachrymas,
860 1141 879 1177 et
893 1151 934 1177 non
943 1136 1028 1176 miserari

247 1190 318 1231 horum
332 1195 443 1246 temporum
460 1193 590 1234 conditionem
606 1197 625 1233 01
640 1191 756 1233 Ibernorum
772 1206 812 1232 uon
822 1192 879 1233 modo
889 1205 984 1233 novorum
994 1191 1028 1230 sed

248 1247 305 1286 etiam
321 1252 408 1288 veterum
425 1248 554 1301 complurium
570 1262 651 1302 pravum
666 1247 767 1300 ingenium
785 1252 804 1287 et
820 1248 922 1296 insaniam,
933 1246 967 1300 qni
982 1260 1027 1286 cum

248 1300 342 1342 Catholici
351 1304 430 1352 luerint,
441 1310 506 1344 tamen
516 1317 572 1357 opem
580 1303 668 1343 tulerunt
677 1302 746 1356 Anglis
760 1303 861 1352 haeretieis,
872 1303 936 1356 quiin
946 1301 1026 1341 Ardma-

248 1357 304 1397 cham
311 1358 404 1411 oppidum
411 1362 559 1407 sacrosanctum,
569 1358 681 1412 praesidium
689 1357 802 1407 intulerunt,
812 1357 899 1410 illudque
909 1357 1027 1397 contamina-

247 1416 329 1462 verunt,
343 1415 364 1453 in
374 1413 421 1452 Diui
431 1413 595 1454 PatritiiIberniae
605 1413 698 1467 praesidis
706 1413 825 1466 aliorumque
831 1412 927 1453 Diuorum
933 1412 1027 1465 imagines

247 1481 315 1507 manus
325 1467 393 1521 impias
402 1468 516 1521 injecerunt,
527 1472 546 1508 01
555 1468 620 1521 ipsum
629 1468 694 1508 Deum
710 1468 731 1508 in
748 1468 813 1508 divino
829 1467 957 1508 Eucharistiae
967 1481 1027 1507 sacra-

247 1525 313 1562 mento
330 1529 444 1575 praesentem
460 1524 558 1577 fugarunt,
576 1523 658 1576 pedibus
675 1523 732 1563 etiam
748 1522 844 1573 calcaturi,
855 1522 886 1563 vel
903 1521 1027 1563 mucronibus

248 1577 361 1627 confessuri,
373 1578 390 1617 si
398 1578 479 1618 luissent
495 1580 583 1619 assecuti.
612 1578 684 1631 Neque
698 1581 775 1618 tantum
788 1579 825 1618 fleo
835 1578 956 1618 saecularium
965 1577 1027 1617 homi-

247 1646 296 1672 num
305 1633 407 1682 inscitiam,
415 1633 642 1687 quantumignorantiam
649 1647 731 1673 crassam
737 1636 842 1686 pastorum,
852 1634 1027 1687 magistrorumque

247 1691 364 1737 nostrorum,
382 1688 491 1741 aliquorum
508 1688 635 1737 sacerdotum,
653 1688 687 1742 qui
703 1688 724 1728 in
739 1688 776 1728 hoc
792 1687 843 1728 bello
857 1688 952 1728 haereticis
968 1688 1027 1727 fuisse

248 1741 377 1782 obediendum
395 1747 414 1783 et
431 1744 567 1795 opitulandum
581 1741 661 1784 minime
673 1747 775 1796 negarunt.
804 1743 874 1792 Baher,
885 1743 940 1783 miles
950 1741 1026 1795 Anglus

247 1796 355 1848 haereticus,
372 1797 424 1838 Divo
440 1798 522 1839 Patritio
530 1798 655 1852 jurejurando
670 1799 776 1846 confirmat,
786 1811 806 1838 se
824 1812 923 1850 nunquam
932 1797 954 1837 in
963 1801 1026 1850 poste-

247 1866 292 1892 rum
308 1852 391 1893 Iberniae
407 1853 479 1906 templa
495 1854 618 1901 violaturum,
629 1857 682 1893 etue
697 1853 828 1905 juramentum
841 1854 929 1907 frangere
939 1856 1026 1905 cogatur,

247 1908 343 1957 militiam,
360 1908 484 1961 stipendium,
503 1908 604 1948 emeritum
623 1908 711 1961 gradum,
728 1908 821 1948 honorem
840 1908 916 1957 deserit,
932 1910 951 1947 01
970 1907 1027 1961 (proh

248 1962 312 2016 dolor)
323 1963 480 2016 Anglo-Ibernus
491 1963 603 2004 Catholicus
613 1962 701 2003 sacerdos
711 1962 786 2002 Ibernis
793 1963 897 2004 Catholicis
904 1977 945 2004 non
952 1962 1026 2012 suadet,

247 2032 272 2058 ue
281 2018 351 2070 Anglis
361 2018 462 2067 haereticis,
473 2019 506 2072 qui
517 2018 563 2058 Divi
572 2018 650 2058 Patritii
655 2017 749 2070 templum
756 2017 828 2058 violant
837 2023 856 2059 et
866 2019 908 2072 ejus
918 2017 1026 2058 defensores

247 2078 362 2127 oppugnant
373 2088 451 2127 operam
460 2079 538 2114 navent.

563 2417 621 2458 CAP.
637 2416 688 2457 VII.

248 2563 333 2600 O'Nellus
342 2563 460 2594 commeatum
469 2556 574 2591 ardmacha
583 2555 657 2589 missum
669 2551 769 2596 intercipit:
781 2552 898 2595 prasidiarios
906 2550 971 2597 multos
979 2554 1025 2583 stra-

270 2611 376 2653 tugemmate
382 2603 465 2648 perimit:
474 2601 596 2637 Ardmacham
602 2601 620 2634 in
626 2596 809 2641 deditionemacclpit.
824 2597 928 2632 (larlinnum
933 2596 1024 2629 castellum

181 2665 239 2709 [lag]
271 2664 335 2697 capere
342 2652 413 2713 frustra
420 2649 491 2692 teutatfl

246 2794 278 2834 Ur
294 2791 394 2833 redeamus
412 2786 436 2827 ad
452 2786 547 2833 institam,
563 2780 679 2823 Ardmachee
689 2780 798 2833 prasidium
808 2782 876 2835 iugens
893 2780 1026 2834 pediculorum

246 2850 275 2889 vis
292 2847 353 2896 rodet,
369 2843 464 2898 plagaque
478 2839 552 2881 multos
569 2835 666 2890 extinguit
674 2852 679 2884 ;
695 2847 757 2888 neque
772 2836 806 2877 diu
822 2840 866 2890 post
875 2836 936 2876 fames
945 2835 1026 2878 invadit.

247 2903 306 2956 Cujus
315 2902 343 2941 rei
358 2897 429 2939 soliciti
438 2896 486 2949 regii
495 2901 534 2935 tres
544 2894 631 2946 peditum
643 2891 736 2939 cohortes,
747 2894 766 2931 et
774 2905 834 2932 unam
844 2892 931 2945 equitum
941 2894 1025 2931 turmam

247 2972 291 2999 cum
301 2956 409 2997 commeatu
418 2952 504 2992 mittunt.
535 2948 589 2991 Quos
600 2945 696 2986 O'Nellus
706 2945 730 2986 ad
739 2945 828 2988 Buedum
841 2950 928 2988 montem
939 2960 982 2986 cum
994 2959 1025 2985 co-
