2237 3535
225 393 250 429 bb
351 394 484 435 o'suunnrnnr
499 409 786 448 1115101111(11110111111011
802 414 825 441 rr.
843 433 845 441 0
923 398 975 450 lina.
990 412 998 438 r

541 612 598 652 CAP.
613 611 662 653 Vll.

435 725 487 759 Juste
495 736 518 758 ne
525 724 580 770 Angli
588 725 676 760 Iberniam
685 725 790 760 obtineant?

225 840 283 880 Sans
293 844 322 880 est
331 839 456 893 exploratum,
468 837 629 890 quemadmodum
643 837 705 891 Angli
721 838 761 878 sint
777 839 856 882 ibernia
864 840 929 894 potiti,
944 839 996 880 unde

224 895 282 935 etiarn
291 898 385 947 quantum
394 894 415 933 in
427 906 468 933 eam
480 892 530 945 juris
542 891 631 942 habeant,
649 892 704 933 facile
721 892 829 947 colligetur.
857 897 887 936 Ao
897 896 945 937 mihi
955 897 996 948 qui-

224 950 268 989 dem
283 963 323 988 rem
339 952 381 988 tota
397 947 471 988 solicita
486 947 557 987 mentis
571 947 611 987 acic
626 947 765 1000 contemplanti
779 949 829 990 nihil
836 950 885 1003 juris
895 965 954 1005 penes
964 965 995 990 eos

224 1018 264 1044 esse
273 1003 354 1044 videtur.
383 1002 478 1043 Praetereo
490 1001 542 1055 quod
553 1002 645 1054 injustam
656 1007 714 1056 atque
728 1006 805 1056 turpem
819 1019 896 1046 eausam
906 1006 994 1054 adulteri,

223 1060 257 1111 qui
266 1062 318 1098 toros
327 1057 399 1099 alienos
417 1057 579 1106 contaminaverit,
595 1057 644 1097 elius
657 1071 737 1098 uxorem
750 1060 843 1112 rapuerit,
852 1061 952 1101 restituere
961 1074 995 1100 no-

222 1113 284 1162 luerit,
302 1112 441 1154 defendendam
458 1113 582 1165 susceperint.
612 1112 730 1165 Supersedeo
741 1113 792 1165 quod
807 1115 909 1167 expulsum
917 1116 939 1155 in
948 1116 995 1169 pris-

221 1169 285 1208 tinum
294 1170 367 1208 statum
377 1171 396 1208 et
405 1167 483 1209 amissas
493 1166 547 1207 sedes
557 1181 598 1208 esse
608 1168 724 1217 restitutum,
739 1181 780 1208 non
794 1169 834 1209 sint
848 1170 941 1219 contenti,
951 1184 995 1224 pos-

221 1221 338 1263 sessionibus
349 1227 369 1263 et
377 1223 460 1264 fortrnris
471 1221 537 1263 alienis
547 1222 613 1263 abusi:
629 1222 697 1263 omitto
712 1222 765 1276 quod
778 1223 800 1263 in
812 1223 922 1265 Catholicos
932 1240 944 1265 a
954 1226 995 1278 qui-

221 1278 258 1318 bus
274 1278 330 1318 amici
344 1277 495 1332 excipiebantur,
511 1277 598 1318 fraudem
613 1281 632 1318 et
649 1276 781 1319 crudelitatem
798 1279 930 1328 exercuerint,
946 1280 994 1320 facio

221 1333 301 1374 missum
312 1333 397 1387 quodne
407 1333 532 1374 sacrosanctis
542 1333 620 1386 quidem
628 1333 705 1387 templis
715 1334 841 1387 pepercerint.

250 1388 295 1428 Hoc
303 1402 349 1429 vero
359 1389 462 1436 constituo,
474 1387 527 1440 quod
540 1402 572 1428 eos
587 1388 640 1428 omni
655 1389 703 1442 jure,
716 1389 830 1442 justitiaque
839 1402 916 1442 prorsus
926 1390 994 1442 privat,

221 1443 317 1497 pontificis
327 1443 413 1496 diploma
421 1443 480 1484 misse
489 1442 537 1483 falsa
546 1443 637 1483 relatione
647 1447 756 1496 surreptum
765 1448 788 1483 ut
798 1458 853 1497 oeque
862 1444 887 1483 sit
897 1445 934 1484 lroc
943 1444 995 1485 infir-

222 1512 276 1539 mum
292 1502 311 1538 et
324 1499 431 1552 posteriora
448 1511 569 1538 summorum
583 1498 697 1551 pontificum
712 1499 805 1552 rescripta
814 1499 921 1552 quaelrujus
927 1499 995 1540 robore

222 1554 312 1594 nitrmtur
321 1554 406 1594 invalida
420 1559 439 1594 et
448 1552 508 1594 nulla.
537 1553 597 1606 eujus
613 1554 642 1593 rei
656 1553 735 1594 minime
751 1553 793 1594 leve
808 1550 943 1606 argumentum
959 1558 993 1603 est,

222 1608 276 1661 quod
290 1608 328 1648 tale
343 1609 400 1661 quale
414 1608 451 1649 hoc
461 1611 496 1656 est,
506 1621 606 1661 nunqnam
616 1608 671 1648 sedes
679 1608 793 1660 Apostolica
803 1609 883 1649 scienter
894 1609 994 1649 concessit.

221 1663 292 1715 Neque
307 1664 358 1704 enirn
376 1663 427 1704 credi
443 1666 515 1716 potest,
531 1664 595 1703 animo
609 1663 697 1716 pontifici
710 1663 776 1713 fuisse,
793 1663 877 1704 iberniae
891 1664 993 1717 imperium

220 1718 322 1758 transferre
332 1718 354 1758 iu
364 1722 470 1767 externum,
481 1718 515 1770 qui
529 1718 554 1757 ad
568 1717 589 1757 id
605 1717 659 1758 nullo
672 1718 716 1771 jure
731 1717 842 1767 vocabatur,
859 1718 994 1770 superstitibus

220 1772 296 1813 lhernis
306 1773 353 1813 ortis
362 1773 416 1825 regio
425 1772 526 1825 sanguine,
536 1772 608 1824 regulis
622 1772 743 1825 singolorum
751 1773 842 1826 partium,
853 1776 872 1813 et
881 1773 993 1823 Rotherioo,

220 1828 253 1881 qui
262 1827 323 1868 totius
332 1828 401 1868 insula
411 1826 515 1867 monarcha
524 1826 623 1867 nonnullis
638 1826 742 1867 colebatur.
772 1827 815 1868 Hos
829 1827 880 1868 viros
893 1828 993 1869 christian-

218 1883 299 1932 issimos,
310 1883 344 1936 qui
353 1897 378 1923 ne
393 1886 524 1923 transversum
540 1895 626 1934 unguem
640 1881 665 1922 ab
675 1881 753 1922 ecclesia
762 1896 848 1935 unquam
858 1882 993 1933 discesserunt,

218 1952 265 1978 nurn
274 1952 309 1992 per
318 1939 441 1992 prudentiam
454 1950 505 1991 papa
514 1937 625 1977 haereditate
637 1936 750 1978 abdicaret?
778 1937 834 1978 Num
848 1937 939 1979 Pontifex
953 1940 993 1978 An-

217 1994 271 2046 glum
280 1994 372 2034 creaverit
382 1991 466 2033 Iberniae
476 1991 576 2032 dominum
586 2005 643 2033 causa
652 1990 755 2033 dirimendi
768 1992 884 2033 lbernorum
893 2007 993 2047 procerum

217 2048 372 2089 controversias?
399 2048 422 2088 N
423 2060 559 2100 on-namque
569 2046 636 2087 similis
643 2047 671 2087 rei
679 2047 752 2087 mentio
761 2062 802 2088 non
811 2048 834 2088 fit
842 2047 863 2088 in
872 2048 948 2098 litteris,
958 2062 993 2089 nec

216 2105 266 2144 ratio
276 2107 305 2143 est
315 2104 361 2144 satis
371 2106 422 2157 apta,
432 2116 477 2143 cum
487 2102 511 2142 ad
520 2102 542 2142 id
551 2101 633 2142 Hemici
641 2101 701 2156 Regis
711 2102 817 2142 authoritas
826 2103 905 2143 minime
915 2103 992 2143 suffece-

215 2159 247 2208 rit,
258 2158 355 2211 pontificis
365 2161 429 2199 antem
439 2157 485 2199 satis
492 2158 557 2206 fuerit,
568 2158 624 2211 eujus
634 2161 685 2197 nutu
693 2160 757 2197 motus
772 2157 888 2198 Ibernorum
897 2158 919 2198 in
928 2158 992 2212 ipsum

216 2213 330 2263 Henricnm,
341 2216 361 2254 et
371 2213 412 2267 ejus
422 2226 540 2253 successores
550 2225 600 2265 saepe
610 2215 656 2252 sunt
666 2211 733 2252 sedati.

243 2269 277 2309 An
292 2282 338 2309 vero
354 2267 426 2310 Christi
442 2267 532 2308 Vioarins
548 2265 647 2307 lberniam
663 2266 779 2319 ingredienti
798 2269 912 2319 potestatem
926 2266 991 2320 Anglo

215 2324 280 2365 fecerit
290 2338 347 2364 cansa
358 2322 452 2364 dilatandi
461 2322 554 2362 terminos
568 2320 667 2362 ecclesiae?
682 2320 714 2374 pia
727 2320 805 2373 quidem
815 2327 834 2361 et
844 2321 940 2362 sufficiens
951 2323 992 2363 hac

215 2380 264 2420 ratio
274 2393 348 2433 semper
358 2378 441 2419 videtur.
470 2376 510 2417 Sed
519 2376 600 2417 chrici
609 2376 660 2430 regis
674 2375 758 2416 narratio
768 2389 812 2416 vero
822 2377 901 2417 minime
911 2390 991 2417 consen-

214 2438 276 2484 tanea,
294 2448 338 2475 eum
352 2447 427 2487 semper
443 2430 522 2473 Ibernia
536 2435 640 2486 postquam
655 2430 714 2471 semel
731 2433 760 2470 est
778 2430 803 2470 ad
819 2431 877 2472 fidem
894 2446 990 2482 conversa,

214 2489 282 2530 litteris
293 2493 312 2529 et
321 2488 415 2543 religione
424 2487 517 2537 floruerit,
527 2486 633 2527 innumeris
643 2486 700 2526 Divis
714 2484 821 2535 nobilitata,
832 2492 854 2527 ut
863 2486 927 2526 insola
938 2501 990 2527 sanc-

214 2548 278 2585 torum
288 2545 313 2585 sit
322 2547 441 2597 nuncupata,
451 2543 613 2596 Archiepiscopis,
624 2544 713 2595 quatuor,
724 2544 743 2579 et
749 2539 851 2594 Episcopis
860 2541 942 2594 triginta
952 2556 989 2592 sen,

214 2600 312 2641 ecclesiam
321 2597 508 2647 administrantibus,
516 2597 650 2650 religiosorum
661 2594 750 2643 cratibus
761 2595 842 2649 aliisque
852 2596 918 2636 divino
929 2597 990 2638 cultui

215 2654 281 2695 dicatis
291 2654 393 2704 uberrima,
404 2653 477 2694 nullius
486 2652 566 2693 haeresis
578 2655 625 2692 nota
637 2650 707 2690 insula.
738 2648 796 2693 Quod
806 2651 822 2690 si
831 2651 851 2690 in
861 2664 883 2690 ea
892 2650 989 2703 religionis

214 2709 303 2762 splendor
311 2710 391 2750 minime
400 2707 483 2757 lucebat,
494 2722 552 2761 quam
562 2706 587 2747 ob
597 2719 675 2747 oausam
688 2704 786 2744 Adrianus
795 2704 886 2745 Pontifex
895 2706 989 2748 maximus

214 2764 345 2816 pacisceretur,
355 2768 379 2805 ut
388 2764 486 2805 Henricus
495 2777 529 2803 ren
537 2761 664 2803 ecclesiastica
671 2760 715 2814 jura
722 2763 788 2799 saneta
798 2763 817 2800 et
826 2759 918 2800 inviolata
927 2775 988 2802 serva-

213 2823 249 2867 ret,
259 2833 282 2859 ne
292 2819 338 2860 Divi
347 2819 401 2860 Petri
407 2818 490 2872 vectigal
499 2817 627 2870 interciperet,
639 2815 736 2868 expilaret,
748 2818 782 2853 aut
791 2814 929 2855 interverteret.
951 2817 988 2859 Sed

214 2873 355 2926 quiasuperius
366 2875 411 2927 satis
421 2876 450 2914 est
461 2876 567 2921 ostensum,
578 2871 631 2912 illam
641 2870 684 2919 fide,
691 2869 790 2922 religione,
797 2870 904 2920 sanctitate,
911 2871 986 2922 litteris,

213 2927 293 2968 eruditis
302 2928 413 2969 homiuibus
422 2928 516 2978 floruisse,
531 2927 552 2968 in
561 2926 664 2980 praesentia
672 2925 736 2965 minus
746 2927 775 2963 est
784 2924 932 2966 immorandum.

240 2983 283 3024 lam
293 2996 337 3023 vcro
348 2997 392 3024 cnm
401 2997 435 3024 rex
444 2982 550 3031 Henricns,
560 2983 581 3022 in
594 2995 629 3021 suo
642 2979 724 3034 supplici
739 2978 804 3020 libello
817 2982 924 3031 asseruerit,
934 2982 986 3023 insu-
