2237 3535
91 349 134 377 CAP·
149 334 189 387 HL]
307 343 333 370 Du
348 341 439 371 IBERNIAE
454 343 499 371 SITU
514 343 539 370 ΕΤ
553 344 641 371 NATURA.
841 335 865 373 17

89 448 123 493 est,
134 448 157 484 ut
171 457 207 484 nec
223 440 293 482 nebula
309 440 401 491 inficiens,
419 455 455 482 neo
471 440 550 495 spiritus
567 440 599 480 hio
616 439 714 493 pestilens,
724 454 761 481 neo
770 455 866 483 aulaeor-

88 513 185 552 rumpens.
221 496 343 537 Medicorum
359 511 416 550 opera
433 510 501 550 parum
517 495 592 549 indiget
611 495 687 536 insula:
701 496 800 536 morbidos
814 498 866 539 enim

88 554 175 594 homines
191 555 261 605 praeter
278 551 402 593 moribundos
417 565 489 605 paucos
506 551 600 591 invenies.
628 550 683 591 Inter
699 551 801 592 sanitatem
820 566 866 593 con-

87 609 168 656 tinuam,
184 611 303 660 mortemque
320 621 427 660 supremam
442 606 492 646 nibil
507 606 547 647 fere
559 605 667 646 medium.'’
702 605 787 646 Interius
805 607 864 648 addit.

88 663 161 704 “Item
170 676 227 703 nemo
243 663 377 715 indigenarum
394 662 425 702 hic
437 664 495 702 natus
511 664 589 711 teriam,
600 674 701 714 aeremque
711 661 808 702 salubrem
824 676 864 703 non

35 719 36 722 ’
86 732 179 771 egressus,
190 717 229 757 ulla
238 717 297 757 trium
307 732 398 771 generum
413 717 476 770 specie
489 716 618 757 febricitavit:
634 716 674 756 sola
682 721 778 757 vexantur
794 721 849 758 acuta
855 734 863 767 ,-

86 787 145 826 eaque
152 772 248 825 perraro.'’
268 772 521 813 GulielmusNeubrioenois
528 772 606 826 Anglus
621 771 649 812 ita
660 771 682 811 de
693 770 772 812 Ibernia
782 775 866 814 testatur

86 828 155 867 “hane
165 831 228 868 autem
238 827 353 880 singularem
363 841 404 881 pree
415 828 489 868 eunetis
498 827 611 881 regionibus
621 825 680 868 habet
690 841 700 866 a
710 830 780 867 natura
788 841 862 881 praero-

85 883 167 935 gativam
178 886 198 921 et
207 882 271 922 dotem
281 887 304 923 ut
320 882 396 924 nullum
411 883 479 936 gignat
488 888 604 924 venenatum
615 882 692 932 animal,
702 882 779 923 nullum
793 883 861 936 reptile

85 937 172 977 noxium.
201 936 294 982 Quinimo
304 941 360 987 certa,
371 939 446 990 citaque
461 952 512 978 mors
525 952 591 979 eorum
602 941 632 979 est
641 938 666 979 ad
675 937 762 992 primum
775 937 861 980 Ibernioi

84 992 132 1032 aeris
142 995 250 1041 attractum,
260 993 277 1032 si
289 993 339 1033 torte
353 992 429 1033 aliunde
442 992 566 1034 advehantur.
594 993 657 1034 Porro
667 993 763 1047 quidquid
772 993 818 1033 inde
828 994 860 1035 ad-

84 1046 167 1096 vehitur,
177 1051 243 1087 contra
258 1061 331 1087 venena
341 1047 402 1088 valere
410 1046 513 1100 probatum
528 1048 577 1087 est.”
605 1049 675 1089 Petrus
684 1049 772 1102 Apianus
782 1048 859 1089 Mathe-

84 1103 165 1141 maticus
174 1102 195 1141 in
205 1116 238 1142 sua
248 1102 392 1155 cosmographia
407 1101 434 1141 ait
444 1100 548 1141 “irlandia
561 1107 591 1143 est
599 1103 663 1144 insula
672 1104 769 1153 foeeunda,
779 1108 799 1144 et
809 1103 859 1145 salu-

84 1155 129 1204 bris,
140 1157 259 1209 serpentibus
269 1161 288 1197 et
305 1155 404 1197 venenosis
420 1154 521 1207 reptilibus
538 1170 616 1198 carens:
631 1172 689 1211 equos
699 1160 761 1200 mittit
774 1158 858 1203 ferendis

84 1210 174 1250 oneribus
186 1211 315 1264 aptissimos.”
344 1209 394 1250 Haeo
410 1209 432 1248 in
447 1209 580 1261 probationem
595 1226 667 1263 eorum,
677 1228 723 1267 quae
733 1215 856 1266 asseruimus,

83 1265 170 1305 retulisse
176 1266 276 1307 suffecerit.
305 1265 384 1305 Adran
393 1263 451 1316 longe
461 1263 594 1306 mirabiliorem
603 1280 711 1320 pergamus.
717 1270 726 1322 {t
864 1286 912 1329 [lb]
