2237 3535
252 409 292 447 228
377 410 514 450 ostrearum
528 421 630 449 ursroarar
646 421 772 459 carucarum,
788 422 835 450 rou.
851 421 885 448 111.
932 407 982 460 [mr.
998 419 1027 446 vr.

250 532 313 571 usque
322 523 411 561 neutram
421 524 495 573 partem
506 518 605 572 juvabant,
625 532 645 557 se
661 518 766 560 Catholicae
775 519 869 574 religioni,
879 519 984 573 patriaeque
995 516 1027 556 de-

250 573 351 615 fendendae
361 589 401 616 non
412 575 516 622 dedituros,
528 572 598 613 auxilio
609 586 667 625 quam
678 573 776 614 celerrime
785 574 897 624 ventumst
904 574 1028 628 pollicentur.

250 628 318 669 Iberni
328 630 397 670 milites
407 628 513 681 legionarii,
529 631 548 667 et
564 627 672 677 auxiliares,
689 640 773 681 quorum
789 630 860 670 virtute
875 630 936 670 fretus
950 628 1028 682 Auglus

250 684 315 724 locum
324 684 407 733 tenebat,
418 683 526 723 O'Donello
536 683 711 736 per-iuternimeios
720 684 838 736 promittuut
847 686 871 726 ad
881 700 925 726 eum
940 688 983 725 ante
994 685 1028 723 tn'-

251 739 312 778 duum
322 752 341 778 se
350 739 471 787 transituros,
488 738 585 790 fidemque
601 742 701 790 coeperunt
717 737 803 790 implere,
821 740 867 789 bini,
882 740 938 789 terni,
950 743 968 779 et
983 738 1028 779 deni

250 794 336 847 Anglum
354 793 468 834 deserentes.
499 792 558 837 Quod
574 792 590 832 si
605 793 693 832 omnium
705 792 794 832 transitio
810 799 933 847 spectaretur,
950 795 989 849 jam
1005 794 1029 834 de

250 848 315 901 Anglo
325 848 394 888 fussee
404 852 481 888 actum:
497 862 541 888 nam
553 861 576 887 ex
591 847 701 900 quindecim
716 847 802 888 millibus
811 850 902 900 militum,
913 864 960 903 quos
970 849 1028 890 habe-

250 903 283 943 bat
293 902 397 943 obsidionis
406 904 468 953 initio,
480 907 523 943 octo
540 902 606 951 millia,
623 902 679 951 ferro,
697 902 753 952 fame,
765 902 847 955 nigore,
862 905 929 946 morbo
945 904 1028 946 occubu-

250 961 309 1007 erant,
321 972 403 1012 quorum
413 973 456 1012 pars
473 959 534 1011 major
550 962 604 997 erant
615 971 638 997 ex
648 958 720 1010 Anglia
734 971 796 1010 nuper
806 959 877 999 auxilio
887 961 942 1000 missi
951 965 1028 1014 tyrones

249 1013 326 1061 inertes,
344 1014 431 1066 periculi,
445 1017 464 1053 et
479 1013 551 1054 laboris
567 1013 696 1066 impatientes.
725 1012 852 1065 Reliquorum
869 1015 901 1054 vix
916 1016 954 1055 duo
968 1015 1029 1055 millia

250 1071 304 1108 erant
314 1068 380 1121 Angli,
399 1069 462 1109 caeteri
478 1068 551 1117 iberni,
562 1072 581 1107 et
592 1067 739 1121 Anglo-lberni.
770 1067 847 1111 Quibus
856 1069 947 1122 periculis
960 1084 1030 1123 prorex

249 1123 349 1175 perculsus
360 1124 429 1163 statuit
438 1123 513 1163 obsidio
530 1123 626 1172 excedere,
642 1122 759 1163 Corcacham
769 1137 789 1162 sc
799 1124 888 1177 recipere,
900 1128 919 1164 et
929 1124 1031 1165 dumtaxat

249 1179 320 1218 moenia
330 1178 437 1228 defendere,
448 1193 487 1231 quo
503 1178 562 1218 modo
572 1179 613 1218 sine
630 1178 727 1227 conflictu,
739 1182 758 1218 et
767 1177 847 1218 uulnere
861 1178 956 1219 Catholici
970 1180 1031 1219 victo-

248 1234 298 1273 riam
308 1238 387 1286 possent
397 1233 490 1274 obtinere.
519 1233 557 1273 Oui
571 1234 599 1273 rei
613 1238 692 1286 peccata
701 1237 768 1273 nostra
778 1232 901 1274 obstiterunt.
931 1234 1031 1288 Imprimis

248 1288 321 1341 Aquila
330 1289 393 1329 missis
404 1288 470 1329 erebro
480 1289 550 1329 litteris
558 1289 635 1337 iterum,
646 1293 704 1341 atque
713 1289 783 1327 iterum
790 1289 912 1329 uehementer
922 1290 1028 1339 contendit,

248 1347 271 1383 ut
282 1343 377 1384 O'Nellus
388 1359 408 1383 se
418 1358 461 1384 oum
479 1344 521 1397 ipso
539 1344 651 1397 conjungat.
681 1343 783 1392 O'Neflus
800 1342 945 1393 O'SullevanuS,
960 1349 980 1384 et
995 1345 1028 1385 alii

248 1413 273 1438 ne
283 1413 323 1439 rem
333 1414 355 1439 eo
366 1399 482 1439 discriminis
493 1399 594 1447 deducant,
606 1399 698 1447 sentiunt,
709 1398 743 1438 sed
753 1398 818 1451 potius
827 1398 944 1439 ibernorum
958 1400 1028 1440 transi-

247 1455 327 1502 tionem,
338 1459 357 1494 et
367 1455 429 1494 hostis
438 1455 505 1507 fugam
515 1458 607 1507 spectent.
628 1453 755 1501 O'Donellus,
766 1457 786 1493 et
796 1453 827 1494 alii
833 1454 899 1507 plures
909 1456 1027 1495 contrarium

249 1512 335 1549 eenseut.
364 1509 435 1562 Itaque
444 1509 491 1549 vicit
498 1510 559 1562 major
565 1510 622 1561 pars†
628 1509 778 1561 prudentiorem.
794 1508 840 1549 Dies
850 1510 981 1559 constituitur,
989 1524 1027 1563 qua

205 1611 215 1621 .
249 1563 345 1604 O'Nellus
356 1564 391 1604 sub
398 1565 515 1604 matutinum
521 1564 655 1617 crepusculum
666 1564 722 1617 juxta
731 1564 817 1603 hostium
826 1568 888 1604 castra
896 1565 994 1614 consistet,
1005 1569 1027 1605 ut

184 1612 200 1652 [¹
207 1613 241 1653 ‘Sd
249 1619 321 1671 Aquila
330 1620 402 1659 faciens
412 1633 435 1658 ex
445 1619 504 1658 altera
513 1623 567 1671 parte
583 1619 704 1671 eruptionem
713 1633 733 1658 se
743 1632 788 1658 cum
797 1618 830 1658 illo
840 1620 964 1672 conjungati!
982 1620 1027 1663 Qua

249 1674 273 1713 de
282 1688 303 1713 re
312 1674 389 1727 Aquilae
399 1674 467 1714 lietera
478 1673 583 1713 O'Nellum
597 1674 647 1713 data
657 1687 757 1726 aprorege
766 1674 921 1727 intercipiuntur.
952 1675 1026 1715 O’Nel-

247 1729 278 1768 lus
289 1728 410 1781 triplici'acie
420 1730 515 1769 instructa
524 1729 545 1768 in
555 1743 598 1768 eum
609 1728 673 1769 locum
690 1729 718 1768 ire
735 1729 841 1768 contendit.
869 1729 936 1782 Angli,
948 1730 980 1782 qui
990 1729 1026 1770 Oe·
1061 1731 1064 1737 '

247 1783 364 1824 tholieorum
375 1784 477 1823 eonsilium
493 1784 572 1823 minime
588 1783 710 1836 ignorabant,
728 1783 792 1823 adhuc
808 1787 869 1824 noctu
878 1798 901 1824 eo
910 1784 932 1824 in
941 1784 990 1834 loco,
1005 1786 1027 1825 in

248 1853 306 1892 quem
325 1838 422 1879 O'Nellus
441 1839 506 1878 venire
526 1839 633 1888 constituit,
652 1842 789 1892 tympanorum
807 1838 920 1879 militarium
936 1841 1025 1893 strepitu,

246 1893 338 1934 tubarum
357 1893 452 1946 clangore,
473 1892 622 1933 bombardarum
641 1894 706 1933 sonitu
724 1893 799 1941 falsam,
818 1894 920 1947 fictamque
939 1908 1026 1948 pugnam

246 1950 322 1989 ineunt.
351 1949 429 2002 Aquilae
438 1948 567 2002 exploratores
581 1949 635 1989 missi
652 1948 760 1988 simulatam
778 1949 861 2001 speciem
875 1963 948 2002 pugnae
959 1951 1026 1990 *fuisse

247 2005 336 2044 retulisse
346 2004 454 2044 traduntur.
485 2003 604 2043 O’Donellus
615 2018 660 2044 cum
679 2003 719 2044 acie
729 2018 764 2042 sua
774 2006 833 2043 totam
844 2008 921 2044 noctem
930 2005 1026 2058 imperitia

248 2060 320 2100 ducum
335 2059 409 2099 itineris
425 2073 489 2099 errans
506 2058 574 2112 procul
590 2058 662 2099 aberat.
692 2057 777 2106 O’Nelli,
797 2062 816 2097 et
834 2058 958 2099 O’Sullernni
976 2061 1026 2101 acies

248 2129 319 2168 pugnae
338 2114 440 2154 classicum
458 2114 565 2163 audientes,
585 2117 604 2154 ct
623 2114 719 2154 arbitratae
728 2112 820 2165 Aquilam
837 2128 878 2153 esse
893 2128 991 2166 egressum
1005 2116 1026 2156 in

247 2170 366 2210 destinatum
375 2169 440 2209 locum
450 2169 507 2208 celeri
526 2183 583 2209 cursu
602 2173 662 2210 noctu
672 2169 795 2222 perveniunt.
824 2167 883 2208 Unde
900 2169 988 2210 hostibus
1005 2171 1026 2211 in

246 2226 367 2265 munimenta
376 2225 473 2277 regressis,
486 2238 530 2263 cum
539 2225 560 2264 in
570 2224 634 2277 quiete
644 2238 724 2272 summa,
736 2226 756 2263 et
771 2221 847 2263 silentio
862 2227 924 2264 castra
939 2224 1024 2274 vidisset,

246 2284 383 2333 stratagemma
399 2279 548 2319 intellexerunt:
565 2285 583 2318 et
600 2279 700 2332 paululum
718 2277 754 2318 sub
772 2277 828 2317 armis
841 2284 920 2319 moratae
930 2280 975 2320 calo
984 2281 1024 2333 jam

245 2335 322 2375 albente
331 2335 382 2375 ultra
400 2334 501 2387 praefixum
520 2333 559 2374 sibi
577 2333 642 2374 locum
660 2334 718 2387 paulo
737 2338 827 2385 pergunt,
838 2337 857 2373 et
875 2334 933 2387 primi
948 2336 1024 2376 ordines

246 2389 371 2430 O’Sullevani
387 2390 439 2438 aciei,
457 2403 500 2442 quae
516 2389 578 2441 prima
594 2392 640 2438 erat,
656 2386 764 2441 nontongc
774 2387 844 2428 avallo
854 2389 968 2439 substituat,
983 2405 1024 2431 non

245 2445 344 2485 tamenab
355 2445 410 2484 hoste
420 2445 455 2484 visi
465 2444 535 2484 humili
545 2444 619 2484 tumulo
630 2448 755 2497 conspectum
765 2442 884 2494 prohibente.
914 2444 964 2485 Cum
974 2445 1024 2486 clare

244 2501 345 2548 illuxisset,
356 2499 451 2540 admirans
459 2498 555 2539 O'Nellus
561 2499 652 2552 Aquilam
660 2513 695 2538 nec
705 2511 810 2549 erumpere,
820 2512 854 2539 nec
864 2514 936 2553 pugnae
946 2501 1024 2553 signum

246 2556 296 2605 dare,
308 2569 352 2595 cum
363 2554 500 2603 O’Sullevano,
512 2554 604 2608 Hispanis
621 2554 730 2595 cohortium
747 2552 865 2603 ductoribus,
876 2558 896 2594 et
905 2556 971 2607 paucis
981 2555 1030 2595 aliis

245 2611 346 2651 intumuli
364 2623 455 2651 cacumen
471 2609 563 2650 ascendit.
592 2610 652 2649 Unde
668 2608 729 2648 hostis
747 2611 809 2647 castra
824 2609 954 2650 intentissima
964 2610 1023 2651 medi-

269 2787 276 2802 *
289 2784 392 2827 According
400 2787 419 2816 to
428 2783 458 2815 the
466 2782 517 2815 Four
526 2783 609 2823 Masters,
617 2783 641 2815 all
650 2782 679 2814 the
689 2781 735 2814 Irish
744 2781 764 2814 ot
775 2782 862 2824 Muuster,
874 2789 937 2828 except
945 2785 1023 2823 Donnefl

246 2832 288 2864 ulae
297 2830 365 2873 Garthy
376 2829 440 2873 Reagh
454 2828 489 2861 and
503 2827 579 2862 (termae
591 2828 632 2861 hlac
642 2826 715 2870 Oarthy,
724 2832 800 2860 cameto
810 2828 923 2862 O'Donnell's
934 2841 990 2877 camp,
999 2846 1022 2868 on

245 2875 358 2927 thebandon
372 2875 427 2913 river,
436 2873 470 2906 and
484 2873 574 2917 promised
587 2873 624 2906 him
639 2872 738 2911 assistance,
750 2884 767 2917 p.
778 2874 923 2909 aare.-Pucuru
932 2875 1022 2920 Hibernia,

245 2920 281 3001 loli
289 2922 433 3001 lllditriholli'sters,
441 2974 458 3008 p.
468 2964 520 2995 2283.
