2174 3535
273 405 313 445 272
421 406 557 447 o’sunnnvuur
567 418 668 447 HISTORIAE
679 420 806 458 oarucnrom,
816 420 864 448 rora.
875 420 903 447 ru.
964 407 1014 459 [urs.
1029 420 1046 446 r.

271 509 316 550 liam
327 510 447 564 trajiciunt.l
474 512 514 551 Ubi
522 511 590 564 legatis
600 510 670 564 Auglis
687 525 720 551 eos
735 512 776 563 regi
793 527 828 552 suo
843 514 919 554 restitui
938 511 1047 567 petentibus

272 565 370 607 Henricus
381 566 467 611 Quartus
487 565 553 605 Galliae
572 579 605 605 rex
624 565 811 618 respondit,regiam
827 567 942 621 dignitatem
951 568 1047 616 dedecere,

272 621 389 675 alienigenas
405 623 451 674 fuga
466 620 547 660 salutem
564 624 650 674 petentes
665 620 734 660 itinere
747 620 855 674 prohibere.
883 624 916 664 Ita
930 624 952 664 in
966 622 1048 664 Galliam

272 675 371 729 Belgicam
380 676 460 729 profecti
470 674 494 714 ab
504 674 584 716 Alberto
603 679 622 715 et
638 674 751 716 Eliuabetha
767 675 892 717 serenissimis
905 677 1048 719 Archiducibus

272 729 414 779 humanissime,
423 734 442 770 et
450 729 642 771 honorificentissime
651 734 698 770 sunt
707 730 787 784 excepti·
817 729 867 771 Inde
877 732 960 774 Romam
974 747 1018 775 cum
1028 746 1048 772 se

272 786 421 834 contuhsserrt,a
430 798 475 839 rege
485 784 584 826 Catholico
594 785 619 825 ad
628 784 701 826 victum
711 800 751 825 non
760 799 816 837 parce
826 786 943 839 adjuvantur
952 787 1047 829 O'Nellus

272 855 306 894 per
322 839 407 893 singulos
423 853 499 880 menses
515 840 625 894 quingentis
641 840 726 880 nummis
741 840 809 890 aureis,
826 840 946 883 O'Donellus
960 843 1046 892 totidem,

272 896 317 936 Mac
327 895 392 944 (tuter,
400 897 420 935 et
429 895 505 948 reliqui,
516 895 549 948 qui
566 898 611 935 sunt
627 894 670 935 illos
687 896 754 945 secuti,
765 909 800 948 pro
816 896 855 935 suis
871 897 952 951 quisque
962 899 1046 939 meritis:

271 951 364 991 Pontifice
378 950 462 990 marimo
479 963 556 1003 quoque
573 964 628 1003 opem
645 950 724 990 ferente.
754 949 880 1000 O'Donellus,
895 957 915 991 et
931 952 977 1005 Mac
988 953 1047 994 Guier

271 1005 322 1045 brevi
332 1009 418 1058 tempore
427 1004 520 1045 beneficio
529 1005 621 1045 fruuntur
631 1004 675 1045 vitae
685 1019 764 1045 munere
775 1005 866 1055 defuncti,
880 1005 912 1046 ille
927 1006 1001 1058 Roma,
1016 1008 1047 1048 hic

293 1141 364 1187 Captivi
374 1142 412 1185 jam
426 1145 510 1175 tenentur
524 1142 615 1187 episcopus
629 1152 680 1180 unus,
689 1141 765 1175 vicarius
773 1141 860 1185 generalis
869 1152 920 1181 uuus,
928 1141 1007 1186 religiosi
1015 1145 1045 1177 ali-

270 1192 318 1232 quot,
325 1187 397 1232 plurimi
410 1188 518 1229 sacerdotes,
531 1187 592 1232 ingens
606 1197 690 1219 numerus
704 1197 725 1219 ex
740 1186 787 1220 omni
795 1186 857 1219 ordine
864 1186 957 1220 laicorum.
982 1186 1004 1220 In
1012 1200 1047 1223 una

269 1237 339 1266 tantum
347 1232 418 1265 civitate
426 1236 516 1266 senatores
525 1232 621 1266 successive
630 1231 713 1276 quinque,
723 1231 772 1275 (quia
780 1232 876 1264 noluerunt
883 1231 972 1265 nefarium
979 1243 1047 1267 nuncu·

268 1289 311 1321 pare
316 1277 438 1320 juramentum
446 1278 465 1310 in
473 1278 553 1310 adeundo
563 1278 672 1319 Praetoratu)
685 1277 760 1310 alterius
773 1276 817 1309 item
830 1276 894 1320 inipso
902 1281 993 1321 postremo
1001 1278 1046 1313 festo

269 1323 362 1356 Paschatis
377 1323 419 1366 (quo
435 1321 527 1356 Catholicis
540 1322 702 1365 communicarunt)
714 1321 766 1354 facile
777 1322 853 1366 triginta
861 1322 879 1354 in
887 1322 998 1366 ergastulum
1005 1328 1047 1357 sunt

268 1368 354 1409 contrusi,
365 1366 467 1411 pecuniaria
474 1367 546 1411 insuper
558 1367 610 1413 gravi
623 1367 704 1411 irrogata
717 1365 812 1400 solutione.
836 1367 866 1400 Ad
879 1366 945 1400 horum
955 1367 1046 1408 clamores,

268 1418 289 1446 ut
296 1413 350 1446 etiam
358 1412 381 1445 ad
387 1413 498 1456 reliquorum
512 1412 646 1446 Catholicorum
660 1412 793 1453 obtestationes,
807 1411 857 1444 nulla
870 1416 896 1445 est
907 1412 1003 1453 exauditio,
1010 1413 1046 1447 imo

267 1457 327 1502 potius
335 1457 430 1490 cachinnus
438 1462 456 1491 et
464 1457 555 1491 exultatio.
581 1457 615 1492 Sed
623 1462 641 1490 et
647 1456 777 1503 illustrissimus
786 1467 844 1490 comes
856 1456 965 1497 Tironensis,
973 1458 1046 1492 Mardo-

268 1504 321 1536 cheus
330 1502 439 1543 Catholicus,
447 1503 496 1536 varie
509 1502 558 1547 prius
572 1513 671 1546 oppressus,
685 1513 733 1535 nunc
746 1505 806 1535 autem
814 1513 825 1534 a
832 1513 908 1547 prorege
922 1502 988 1536 citatus
996 1503 1046 1537 Dub-

268 1548 329 1581 liniam
335 1548 416 1581 advenit:
424 1548 538 1591 malealiquid
545 1547 640 1592 praesagire
650 1558 685 1580 non
691 1547 745 1590 juvat
752 1561 757 1589 3
765 1546 889 1580 haereticorum
894 1559 936 1581 vero
942 1559 985 1592 erga
989 1547 1046 1592 ipsum

268 1592 342 1632 malitia,
351 1597 369 1626 et
374 1592 475 1626 inveterata
482 1592 538 1631 fraus,
547 1593 610 1626 saltem
618 1597 639 1625 ut
646 1591 680 1635 ipsi
687 1592 781 1625 timeamus
789 1592 871 1635 imperat.

293 1637 340 1670 Cum
348 1641 408 1671 autem
416 1637 519 1681 aufugerint
523 1637 634 1675 mercenarii,
642 1637 709 1680 partim
720 1637 825 1670 delitescunt
831 1637 908 1680 operarii
914 1637 985 1681 reliqui,
993 1637 1047 1673 etiam

269 1683 326 1716 vestri
340 1683 392 1727 (quos
406 1682 484 1715 fatemur
498 1682 566 1715 enixius
582 1682 651 1726 quaeri),
668 1681 743 1715 Patres:
757 1681 811 1720 Quod
823 1682 889 1714 mirum
904 1687 930 1715 est
942 1682 1046 1727 Drogheda,

268 1727 351 1771 frequens
364 1727 469 1771 emporium,
484 1727 559 1770 fideique
572 1727 657 1760 hactenus
666 1726 803 1766 tenacissimum,
812 1726 835 1759 ad
842 1727 908 1770 templa
915 1727 1046 1769 haereticorum,

268 1784 311 1816 pene
320 1777 378 1805 totum
385 1773 423 1815 (vix
429 1772 476 1805 enim
485 1772 579 1805 duodecim
586 1771 713 1814 constiterunt)
722 1772 755 1805 hac
763 1771 826 1804 ultima
834 1771 968 1815 quadragesima
976 1784 1046 1807 conces-

267 1818 323 1851 serit?
347 1817 382 1851 Sed
390 1828 431 1850 cum
439 1817 461 1850 de
469 1816 490 1849 iis
499 1817 529 1861 qui
536 1817 585 1860 apud
596 1827 627 1849 vos
640 1816 658 1849 in
671 1816 736 1860 Belgio
751 1817 864 1858 studuerunt,
878 1818 985 1861 praecipuam
997 1828 1046 1862 spem

267 1862 413 1906 concepissemus,
422 1873 463 1895 ecce
471 1861 521 1895 muni
529 1866 547 1894 et
558 1861 592 1906 ipsi
607 1862 637 1903 (ut
649 1860 733 1905 inquiunt
748 1865 825 1905 egestate
840 1862 926 1905 compulsi
939 1863 1011 1896 domum
1018 1876 1046 1898 re-

267 1912 332 1946 meant,
341 1912 358 1941 et
365 1907 461 1949 (horrescit
469 1918 498 1940 res
507 1906 575 1940 animus
584 1906 656 1949 ducere)
664 1917 701 1939 non
709 1905 761 1950 longe
769 1905 833 1939 absunt
841 1906 909 1950 aliquot
917 1919 928 1940 a
935 1907 994 1940 ruina.

290 1953 359 1997 “Ergo
368 1953 460 1985 caritatem
468 1952 572 1986 reverentiae
584 1956 646 1984 vestrae
658 1951 749 1994 antiquam
757 1951 873 1990 obtestamur,
881 1956 902 1984 ut
909 1952 949 1986 haec
958 1957 1009 1985 curet
1016 1964 1045 1996 pa-

266 1998 323 2031 tefieri
336 1997 388 2031 Patri
401 2001 419 2031 et
433 1997 568 2030 Pastoriorbis
580 2001 681 2038 terrarum3
694 1996 716 2029 de
729 2007 769 2040 quo,
782 2001 823 2029 ante
839 2008 905 2030 annum
918 2001 987 2030 tantam
995 1998 1045 2031 nobis

266 2054 314 2087 spem
322 2042 416 2087 peculiaris
424 2042 442 2075 in
450 2046 530 2075 nostram
537 2046 609 2085 gentem
622 2041 694 2074 affectus
707 2045 728 2074 tu
735 2043 772 2085 ipse
780 2041 875 2086 peperisti:
887 2046 908 2074 ut
916 2043 931 2076 si
939 2042 988 2076 aliud
995 2043 1045 2084 nolit,

266 2088 328 2121 saltem
342 2087 384 2127 suis,
398 2092 417 2121 et
430 2087 506 2120 aliorum
520 2087 620 2131 principum
634 2086 777 2120 Christianorum
790 2086 976 2131 aeris„persecutionis
991 2087 1045 2131 hujus

266 2133 378 2167 atrocitatem
391 2132 474 2177 mitigare
487 2132 555 2165 nitatur
562 2146 568 2173 ;
581 2135 636 2175 utque
648 2142 684 2164 non
697 2136 789 2175 gravetur,
797 2131 829 2165 tali
840 2131 909 2165 ratione
925 2132 1045 2172 manifestare,

266 2190 284 2211 se
291 2182 357 2212 nostrae
366 2178 471 2211 calamitatis
484 2177 550 2210 babere
562 2187 643 2211 sensum:
656 2187 678 2209 ne
686 2177 733 2210 sicut
741 2177 830 2217 distantia,
838 2176 864 2210 ita
872 2177 925 2211 etiam
933 2177 972 2221 ejus
980 2177 1045 2211 sollici-

265 2223 326 2256 tudine
335 2223 426 2257 videamur
433 2222 496 2257 avulsi.

284 2273 300 2308 Τ(
305 2269 384 2302 Maxime
392 2279 435 2301 vero
443 2279 476 2312 pro
485 2266 583 2312 virginibus
588 2265 674 2299 castitatis
681 2270 723 2300 voto
732 2266 822 2300 obstrictis
831 2266 950 2312 supplicamus
958 2272 979 2301 ut
985 2271 1045 2301 vestra

265 2314 354 2347 communi
366 2325 410 2346 cura
423 2312 528 2357 suffragium
540 2312 613 2357 aliquod
626 2312 645 2344 in
656 2311 692 2345 illis
700 2312 781 2355 partibus
789 2311 871 2351 habeant,
879 2323 901 2345 ne
908 2312 979 2358 fragilis
987 2324 1044 2355 sexus,

265 2358 376 2392 adminiculis
385 2358 456 2402 pietatis
466 2358 561 2391 destitutus
569 2356 684 2401 naufragium
692 2357 841 2390 extimescendum
849 2358 934 2402 patiatur.

287 2409 299 2426 c
306 2403 391 2443 Quamvis
399 2414 498 2448 paucorum
506 2407 581 2442 tantum,
591 2401 620 2446 qui
629 2402 664 2434 hoc
677 2401 761 2446 praesenti
769 2405 850 2446 tempore
857 2414 893 2436 una
900 2402 973 2442 fuimus,
981 2404 1044 2438 suffra·

265 2449 295 2494 gia
302 2449 436 2482 subscribantur
443 2462 449 2490 3
462 2448 540 2482 omnium
548 2447 634 2481 tamenin
642 2446 676 2480 ista
685 2452 703 2481 et
710 2447 729 2480 in
736 2447 795 2491 plura,
804 2450 821 2480 et
829 2448 902 2491 majora,
917 2459 955 2492 quae
970 2460 1002 2482 nec
1011 2450 1045 2483 dici

265 2505 297 2528 nec
306 2495 355 2528 credi
363 2494 439 2535 valeant,
447 2504 551 2527 consensum
558 2493 654 2537 impressus
660 2492 706 2526 liber
715 2493 810 2536 adjunctus
818 2493 944 2527 manifestabit.

310 2563 322 2582 “
328 2561 433 2602 Dublinnia,
441 2559 493 2600 Maii,
502 2560 563 2596 1607?

747 2603 855 2639 Errscorus
865 2616 920 2648 uuus,

747 2648 842 2683 Vicimus
856 2650 969 2684 Garamans
978 2661 1033 2694 unns,

748 2694 812 2731 Ecuas
826 2706 915 2730 suenrus
925 2707 981 2735 uuus,

748 2740 873 2774 Saennmoras
882 2742 926 2776 Sex.

569 2672 722 2715 Subscripserunt.

288 2814 338 2847 With
346 2813 380 2847 this
389 2812 443 2846 detail
451 2813 473 2845 of
479 2811 570 2845 relentless
577 2809 691 2856 persecution
699 2809 760 2843 before
767 2821 794 2850 us,
802 2811 817 2845 it
825 2811 883 2856 might
889 2816 926 2853 not,
934 2812 1015 2857 perhaps,
1022 2815 1043 2849 be

265 2859 337 2893 deemed
344 2870 363 2892 so
371 2857 518 2898 unaccountable,
526 2868 544 2889 as
552 2867 605 2900 many
612 2855 682 2889 writers
688 2854 831 2900 haveimagined,
840 2857 879 2900 why
887 2856 917 2889 the
925 2858 971 2891 earls
980 2859 1043 2894 should

264 2904 307 2938 have
316 2903 408 2947 conspired
416 2903 485 2947 against
493 2902 536 2935 such
544 2907 627 2946 tyranny,
635 2910 655 2933 or
663 2899 708 2933 have
716 2900 751 2934 fied
759 2900 806 2934 from
814 2901 835 2939 it,
843 2901 912 2946 though
921 2907 953 2936 not
959 2904 1017 2949 guilty
1024 2906 1045 2941 of

265 2961 298 2993 any
305 2949 413 2993 conspiracy,
422 2952 485 2992 except
493 2948 540 2981 their
548 2946 658 2981 attachment
670 2948 689 2977 to
697 2944 728 2979 the
737 2946 819 2980 Oatholic
828 2945 879 2978 faith.

288 2995 295 3010 *
308 2994 416 3037 September,
427 2993 478 3030 1607.
910 3001 912 3004 ·
