2237 3535
260 398 300 435 ttS
394 397 527 437 o'surauuanr
544 410 645 438 nrsroann
660 411 784 448 orrnourena,
799 410 847 439 rona.
858 410 891 437 ua
923 397 974 449 [ma.
988 408 1035 436 tun.

260 510 359 561 lintribus,
376 515 432 564 atque
448 510 567 565 poutonibus
584 510 632 550 elam
649 515 761 553 transvecta
778 514 798 553 in
813 510 918 553 blacharda
928 507 1035 562 peninsula,

261 567 341 620 ejusque
351 567 418 607 sacello
429 580 448 605 se
458 565 514 614 vallo,
524 567 613 618 fossaque
629 565 666 605 citb
677 567 773 609 muniunt.
802 567 867 608 Locus
881 567 897 607 is
907 568 952 612 erat,
964 578 986 603 ex
997 576 1035 616 quo

261 620 362 661 Bustokus
377 619 432 661 facile
448 625 514 674 posset
527 635 584 674 agros
603 619 706 661 O'Huarhe
726 622 821 663 subiectos
842 619 983 663 incursionibus
1003 618 1035 658 de-

262 676 350 729 praedari,
361 679 418 728 atque
433 674 535 716 devastare.
566 674 624 719 Quod
640 676 681 729 ipse
694 675 753 729 probe
762 677 873 730 intelligens
883 680 941 724 sento,
952 687 990 727 quo
998 673 1035 713 fuit

261 732 283 770 in
292 745 315 770 eo
325 733 452 771 commoratus
469 731 499 771 die
516 744 560 771 eum
575 730 668 771 militibus
684 731 775 771 trecentis
790 745 877 785 egressus
894 729 978 785 praedam
988 729 1034 782 agit.

263 785 379 825 O'Ruarkus
394 790 469 834 nactus,
480 786 562 826 adimere
579 785 640 839 spolia
650 790 736 826 conatur.
764 785 834 826 Praelio
844 791 917 827 tentato
927 784 1036 826 funduntur

262 840 329 893 Angli.
358 840 398 880 Alii
408 854 453 880 eum
463 840 551 881 Bustoho
563 840 611 880 duce
621 841 741 881 trucidantur
747 858 753 890 3
768 841 800 881 alii
810 842 831 881 in
838 842 954 882 munitiones
961 838 1035 893 trepide

197 898 389 952 [199,]reuertuntur,
413 895 467 935 taus
487 896 548 944 amici,
563 900 583 935 et
605 896 740 936 manubiorum
766 896 851 948 nunciill
890 896 978 937 Victores
997 894 1035 933 duo

261 954 337 990 tantum
348 955 394 990 sunt
404 949 510 991 desiderati.
540 950 571 990 Ob
589 951 640 1003 quod
657 965 697 991 nou
711 951 811 991 mediceris
822 951 883 990 amnis
892 951 967 1004 trajecti
975 950 1026 1003 pcen'

261 1006 323 1045 tentia
332 1006 383 1058 cepit
392 1005 474 1057 Auglos
492 1005 591 1059 magisque
608 1005 734 1058 proculdubio
751 1020 782 1046 ecs
792 1006 900 1059 peniteret,
910 1006 948 1045 nisi
957 1006 1035 1045 fortuna

261 1073 357 1113 nusquam
367 1059 443 1100 Ibernis
459 1062 546 1101 nocendo
563 1061 642 1114 fatigata
658 1064 705 1101 tune
722 1062 813 1114 temporis
829 1059 945 1113 magnopere
954 1060 1034 1100 seeviret.

261 1115 353 1168 Namque
361 1115 456 1155 Thadaeus
473 1115 573 1155 O'Huarhi
589 1117 646 1156 frater
662 1130 702 1156 non
718 1117 812 1165 uterinus,
830 1116 864 1168 qui
878 1116 917 1169 jam
926 1114 1035 1167 Anglcrum

261 1175 325 1223 partes
336 1170 456 1223 sequebatur,
474 1185 519 1210 cum
534 1170 638 1211 O'Huarho
654 1170 676 1211 de
692 1171 793 1220 natahbus,
804 1175 823 1211 et
836 1170 947 1210 haereditate
957 1173 1035 1209 conten-

262 1225 316 1275 dens,
327 1225 350 1266 ab
361 1225 419 1265 altera
428 1229 482 1279 parte
492 1240 592 1279 aggressus
611 1225 712 1279 plerosque
721 1226 805 1275 clientes,
816 1225 946 1278 obaeratosque
956 1225 968 1264 a
977 1224 1035 1264 fratre

262 1285 349 1321 avertens
368 1281 459 1334 majorem
478 1281 575 1321 Brethniae
593 1281 710 1335 principatus
729 1285 801 1335 partem
821 1284 909 1333 occupat.
952 1279 1035 1332 Ipseque

262 1335 378 1376 O’Ruarhus
389 1350 433 1376 cum
442 1336 463 1375 in
473 1336 541 1376 febrim
557 1336 688 1377 vehementem
703 1336 807 1384 incidisset,
819 1336 904 1376 desertus
914 1334 937 1375 ab
947 1335 977 1383 iis,
993 1335 1035 1387 qui-

261 1390 298 1432 bus
306 1390 460 1444 jurisdictionem
467 1390 594 1438 demandauit,
604 1392 658 1431 lactis
667 1391 750 1431 induciis
760 1392 811 1431 diem
820 1391 882 1432 obit.ll
896 1389 1035 1430 O'Sullevanus

261 1446 413 1486 incolumitatem
427 1450 504 1486 tanturn
520 1460 554 1499 per
571 1446 678 1495 diffinitum,
690 1452 708 1487 et
725 1445 781 1486 breve
795 1446 870 1487 dierum
880 1445 1034 1498 spaciumimpe-

262 1505 306 1541 trat.
336 1500 361 1541 In
378 1514 416 1554 quo
433 1515 496 1541 rerum
512 1506 564 1541 statu
580 1501 623 1541 Rex
640 1502 739 1555 Hispaniae
755 1502 857 1555 Philippus
872 1500 912 1541 ΙΠ.
928 1500 1035 1540 Martinam

264 1556 345 1596 Cerdam
355 1555 440 1609 legatum
450 1570 494 1596 cum
504 1556 578 1596 duabus
586 1557 666 1597 uatdbus
676 1557 779 1610 sulphuris,
788 1560 807 1596 et
817 1557 896 1596 aliarum
905 1555 1035 1595 munitionum

263 1611 332 1664 plenis,
344 1614 363 1651 ct
378 1611 459 1663 triginta
474 1612 559 1651 millibus
569 1625 668 1652 aureorum
678 1625 800 1651 nummorum
810 1611 835 1651 ad
845 1610 956 1660 O'Nellum,
967 1614 986 1649 et
996 1610 1025 1650 Ro

263 1667 358 1706 thericum
367 1666 434 1715 mittit,
445 1667 478 1719 qui
489 1667 504 1706 si
513 1667 567 1719 prius
576 1666 596 1706 id
616 1667 695 1707 subsidii
705 1666 827 1719 accepissent,
838 1679 890 1706 arma
899 1665 966 1719 procul
975 1664 1034 1705 dubio

262 1735 302 1760 non
313 1720 452 1773 deposuissent,
463 1721 501 1761 illis
510 1721 555 1761 uero
566 1721 656 1775 depositis
666 1722 717 1774 regis
726 1722 833 1774 pecuniam,
844 1728 863 1761 et
873 1721 989 1760 munitiones
1004 1734 1033 1760 ac-

262 1777 325 1829 cipere
334 1776 443 1815 noluerunt.
474 1775 522 1815 Cum
542 1775 604 1816 Corda
622 1776 816 1816 MacWilliemusin
827 1776 941 1828 Hispaniam
956 1789 975 1815 se
990 1790 1034 1815 con-

261 1831 310 1880 fert3
325 1830 359 1870 ubi
370 1830 422 1871 breui
432 1831 518 1871 rnoritur.
547 1831 621 1871 Eodem
632 1844 708 1884 quoque
717 1836 802 1884 tempore
817 1831 916 1871 Cornelius
926 1830 1033 1879 O’Driscol,

263 1900 320 1939 quem
329 1886 350 1925 in
361 1885 476 1938 Hispaniam
486 1886 509 1925 ab
520 1885 648 1938 O’Sullevano
657 1888 737 1926 missum
747 1887 805 1926 fuisse
816 1886 921 1935 docuimus,
932 1886 1014 1938 acceptis
1024 1901 1035 1925 a

261 1955 307 1993 rege
317 1940 415 1981 Catholieo
425 1941 500 1981 duobus
515 1941 601 1981 millibus
617 1955 716 1981 aureorum
726 1941 746 1981 in
758 1941 868 1981 Momonias
878 1941 965 1994 applicat.
994 1940 1035 1980 Ubi

262 2010 307 2036 cum
317 1995 457 2036 O'Sulleuanus
472 2010 511 2035 nou
527 2001 583 2046 esset,
601 1997 621 2036 in
636 1996 750 2049 Hispaniam
766 1997 874 2045 revertitur,
885 2010 963 2036 uxorem
980 2009 1034 2035 suam

262 2057 281 2091 et
291 2050 337 2091 alias
347 2052 433 2091 faeminas
444 2052 521 2092 ducens.

285 2213 293 2229 *
306 2212 329 2245 In
336 2211 422 2255 January,
433 2214 487 2244 1604.
500 2212 535 2244 and
550 2221 584 2244 was
598 2210 659 2243 buried
671 2210 689 2243 in
703 2210 733 2243 the
747 2210 855 2243 Francisean
867 2216 941 2245 convent
955 2211 976 2245 ef
987 2212 1034 2246 Ross

263 2256 324 2296 hiala,
331 2268 374 2289 near
383 2256 479 2295 Headfort,
488 2261 552 2299 eounty
567 2255 588 2288 of
599 2255 676 2299 Galxuay.
701 2256 749 2289 Fcur
761 2255 843 2296 Murteae,
852 2268 870 2300 p.
880 2259 929 2290 2349.
954 2257 1027 2290 “Solita

262 2303 299 2334 rius
308 2302 402 2335 admodum
411 2302 460 2334 loeus
469 2306 495 2333 est
502 2311 558 2345 prope
566 2300 635 2339 flumen,
644 2305 661 2332 et
668 2300 732 2345 palude
741 2301 866 2340 circumdatus,
874 2301 899 2334 ita
906 2307 927 2335 ut
934 2313 970 2335 non
978 2303 1001 2334 sit
1009 2302 1015 2334 i

261 2357 332 2391 gressus
341 2357 372 2390 per·
381 2350 439 2380 totum
447 2345 532 2379 ambitum
540 2345 574 2377 nisi
587 2356 618 2389 per
632 2356 684 2378 unam
697 2353 767 2390 portam
780 2350 797 2378 et
806 2346 852 2380 viam
865 2351 939 2380 stratam
947 2347 1026 2390 lapidibu

261 2403 293 2436 per
302 2393 387 2425 ducentes
394 2402 461 2435 passus.
486 2390 539 2423 Nune
547 2390 572 2422 ibi
579 2390 658 2423 habitant
667 2391 729 2433 (1616)
737 2402 767 2424 sex
775 2391 840 2424 fratres
847 2391 905 2424 elerici
914 2396 932 2425 et
940 2392 974 2425 duo
982 2392 1022 2425 laici

262 2437 338 2470 officium
347 2437 414 2469 faciunt
422 2436 441 2468 in
449 2436 509 2474 choro,
518 2440 536 2468 et
541 2435 647 2479 guardianus
652 2436 737 2479 praedicat
743 2447 783 2469 cunr
791 2447 855 2480 magne
866 2436 942 2470 fructu.u
954 2437 1033 2476 aroana,

261 2494 278 2526 p.
287 2484 315 2515 36.
340 2482 440 2515 Thefriars
448 2480 545 2513 hadnever
553 2480 597 2513 been
610 2480 676 2523 ejected
684 2480 747 2525 totally
756 2480 850 2514 fromthat
858 2482 986 2516 convent:the
998 2484 1035 2516 earl

262 2528 282 2559 ef
290 2527 407 2560 Olanriehard
414 2526 450 2560 had
458 2526 511 2570 lately
519 2525 617 2569 purchased
624 2526 638 2559 it
650 2526 697 2559 from
710 2526 740 2559 the
748 2526 809 2570 family
817 2530 837 2559 te
849 2526 906 2560 which
919 2528 934 2559 it
947 2527 982 2559 had
990 2528 1034 2560 been

260 2572 337 2616 granted
345 2577 363 2605 at
370 2573 401 2605 the
410 2571 533 2615 suppression:
546 2570 576 2603 the
584 2570 687 2604 Protestant
694 2570 807 2615 Arehbishop
821 2571 842 2604 ef
853 2572 915 2612 Tuam,
927 2571 995 2616 though
1004 2578 1016 2593 “
1024 2585 1035 2606 a

260 2622 313 2660 great
320 2618 438 2661 persecutor,’¹
446 2616 482 2649 had
492 2619 524 2649 not
537 2615 622 2649 molested
634 2616 664 2649 the
678 2616 731 2649 friars
742 2616 788 2649 until
795 2617 826 2650 the
834 2628 876 2661 year
889 2618 945 2657 16173
958 2616 1000 2661 they
1007 2629 1034 2651 re-

261 2663 321 2696 ceived
335 2663 393 2695 notice
408 2663 463 2705 (from
476 2660 548 2694 himself
560 2661 575 2693 it
588 2672 622 2694 was
630 2661 717 2703 believed)
726 2661 764 2693 that
772 2662 794 2694 he
802 2661 886 2695 intended
893 2666 911 2694 to
926 2661 970 2694 seize
979 2664 1033 2702 them,

237 2730 238 2733 κ
260 2709 295 2740 and
304 2708 382 2751 eseaped.
408 2713 420 2728 “
427 2707 496 2740 Prorex
504 2710 522 2738 et
531 2710 600 2739 senatus
607 2708 666 2753 regius
678 2706 704 2739 illi
718 2705 760 2739 vitio
769 2710 861 2740 verterunt
870 2706 916 2750 quod
924 2707 989 2741 fratres
997 2713 1034 2741 tam

259 2764 316 2797 prope
323 2752 403 2786 habitare
410 2752 526 2797 permiserit.''
