2237 3535
55 405 98 433 cnr.
114 390 148 441 in]
214 398 241 426 ur
252 397 347 430 oolruon
356 399 428 428 rarius
438 398 597 427 rnnsncurrorrs
607 400 698 429 rororis.
788 390 827 430 267

53 511 91 554 tur,
101 503 212 557 perdantur,
222 505 253 545 vel
263 504 324 546 affecti
334 505 429 560 supplicio
439 518 514 545 summo
524 503 555 543 vel
564 504 585 543 in
598 516 691 542 carcerem
705 501 787 553 conjecti
799 501 829 541 vel

53 563 73 602 iri
83 558 171 599 exsilium
179 558 270 612 relegati:
282 560 397 611 Secundum,
408 564 431 600 ut
443 559 507 600 caeteri
520 572 617 599 armorum
627 556 767 604 exercitatione,
777 555 829 603 litte-

52 628 117 656 rarum
126 612 220 666 palasea,
230 615 336 668 Religionis
343 615 447 656 Catholicae
457 613 527 654 ritibus
536 612 681 666 prohibeantur,
697 609 828 651 sacerdotibus

53 669 144 722 expulsis.
172 669 264 719 Tertium,
281 674 304 710 ut
319 670 451 724 vectigalibus,
466 669 589 722 fortunisque
598 667 676 720 spoliati
685 666 709 707 ad
717 665 829 720 pauperiem

52 724 170 777 redigantur,
178 728 197 763 et
204 724 315 765 muneribus
322 725 411 779 publicis,
422 729 549 778 atquererum
564 722 728 765 administratione
738 720 827 761 abdicen-

52 787 90 828 tur,
100 779 121 818 iu
131 792 196 819 eorum
206 778 271 820 locum
280 780 348 833 Anglis
358 785 416 834 atque
426 780 488 821 Sectis
498 779 589 820 suffectis.
619 778 722 826 Quartum,
735 779 759 815 ut
768 776 827 816 haere-

52 836 134 876 ticorum
140 834 211 886 templa
220 835 340 888 frequentare
349 840 369 875 et
379 835 499 876 caeremonias
505 836 596 889 profiteri,
601 835 609 885 Η
617 846 720 887 regemque
730 830 826 871 Jacobum
833 837 890 878 [roci]

52 903 92 931 esse
108 888 200 929 Ecclesiae
216 903 296 929 suorum
311 904 414 942 regnorum
430 894 494 944 caput,
505 894 524 930 et
538 890 643 943 principem
651 888 716 942 jurare
726 889 827 940 cogantur.

53 944 155 992 Quintum,
165 945 218 984 utin
228 944 282 997 regni
292 945 424 994 conventibus,
435 945 486 998 quod
496 945 639 985 Parlamentum
649 946 725 992 uocant,
735 943 756 982 in
767 955 827 982 sacer-

52 1001 112 1048 dotes,
130 1012 234 1051 eorumque
250 1006 363 1052 receptores,
380 1006 438 1053 atque
453 1004 576 1053 protectores,
587 1000 645 1052 qnam
655 997 764 1038 saeuissimae
774 997 826 1049 leges

51 1054 204 1095 introducantur.
235 1053 311 1097 Quibus
319 1054 355 1094 viis
360 1055 450 1108 quinque,
456 1055 517 1109 Angli
523 1054 632 1095 Catholicos
639 1058 697 1106 atque
707 1052 826 1092 Catholicam

52 1109 172 1162 Religionem
187 1109 209 1148 in
225 1108 304 1149 Iberuit
320 1114 403 1150 evertere
420 1109 539 1163 summopere
555 1110 649 1158 laborant,
667 1106 733 1148 callide
753 1112 824 1155 tamen,

52 1164 115 1218 quoad
131 1163 172 1203 fieri
186 1166 257 1216 potest,
276 1165 329 1216 rqrrasi
346 1164 398 1205 aliud
415 1175 477 1217 agant,
494 1166 554 1218 idque
568 1165 643 1205 tantlrm
653 1163 761 1212 intendant,
773 1162 825 1215 quod

51 1219 107 1271 regis,
118 1218 267 1271 reipublicaeqne
281 1219 361 1268 intersit,
372 1234 412 1259 non
427 1219 478 1273 quod
495 1219 609 1259 Christianae
618 1218 663 1259 fidei
680 1218 736 1257 obsit.
766 1216 825 1257 Unde

51 1274 111 1314 totius
126 1274 194 1314 insulae
210 1274 280 1327 ingens
296 1274 419 1326 perturbatio,
437 1279 457 1314 et
472 1271 667 1314 interamnanam.
697 1272 746 1316 Quae
761 1271 826 1312 omnia

51 1328 169 1383 apertissime
179 1329 296 1369 constabunt
306 1344 328 1368 er
338 1329 367 1368 liis
378 1343 421 1383 quae
431 1329 517 1377 dicimus,
526 1328 606 1368 aliorum
613 1328 735 1375 calamitates,
744 1326 828 1366 aliarum

50 1384 168 1437 iniquitates,
178 1384 230 1424 varia
239 1384 296 1437 regis,
307 1389 364 1436 atquc
380 1385 466 1437 protegis
476 1384 544 1432 edicta,
555 1382 674 1423 saecularium
685 1386 703 1422 et
713 1381 825 1422 ecclesiasti-

51 1453 117 1479 corum
126 1439 216 1487 virornm,
228 1439 285 1487 dicta,
295 1439 350 1487 facta,
361 1442 470 1492 mortesque
480 1438 589 1478 referentes.

383 1676 441 1718 CAR
456 1676 485 1717 ΙΙ.

225 1789 283 1833 Regis
291 1790 368 1822 edictum
376 1790 394 1822 in
404 1789 514 1822 catholicam
522 1789 641 1834 Religionem.

48 1895 160 1935 Purncrrro
177 1891 262 1931 Jacobus
280 1890 407 1930 Steeurardus
425 1890 495 1930 Scotiae
504 1904 538 1930 rex
548 1891 569 1929 iu
578 1891 669 1943 Angliam
681 1895 781 1945 regnatum
792 1907 822 1933 ac-

48 1951 97 1989 citus
113 1946 274 2002 quemadmodum
292 1945 469 1992 demonstravimus,
480 1944 524 1985 clun
534 1945 637 1997 pristinum
646 1945 709 1985 foedus
719 1960 764 1986 cunr
775 1947 821 1987 His-

47 2005 110 2057 paniee
119 2016 164 2054 rege
174 2001 310 2048 confirmasset,
320 1999 409 2039 omnibus
419 1999 538 2052 principibus
549 1998 651 2039 Catholicis
662 1999 771 2041 Catholicus
782 2016 823 2043 esse

48 2064 68 2099 et
82 2059 123 2098 tore
139 2055 245 2095 uidebatur.
275 2055 305 2094 Aa
320 2053 416 2094 O’Nellus
433 2053 510 2106 quidem
526 2058 547 2092 et
561 2054 676 2094 Rotlrericus
694 2055 821 2106 O’Donellns,

47 2113 117 2166 aliique
127 2114 225 2163 magnates
236 2109 302 2149 Iberni
312 2123 373 2148 sacras
384 2108 471 2149 ecclesias
487 2108 607 2157 concinnare,
617 2109 749 2163 religiosorum
760 2126 822 2152 caeno-

47 2168 79 2207 bia
88 2166 206 2213 reaedificarc,
218 2168 237 2204 et
247 2164 333 2203 divinum
343 2163 417 2204 cultum
427 2163 451 2203 ad
460 2163 565 2216 pristinum
574 2166 652 2214 statum,
663 2165 824 2219 splendoremque

46 2222 152 2268 restituere,
162 2233 202 2259 nou
211 2218 388 2271 praetermittebant.
409 2218 435 2257 In
444 2218 522 2258 ibernia
531 2221 582 2258 terra
592 2218 634 2267 coli,
644 2219 671 2258 rei
680 2220 756 2260 rusticae
764 2236 823 2274 opera

47 2277 93 2325 dari,
101 2275 180 2315 aedificia
187 2273 280 2321 construi,
288 2274 308 2322 ii,
317 2273 349 2326 qui
355 2273 420 2313 inedita
427 2274 477 2326 pulsi
485 2278 558 2313 exteras
566 2277 632 2326 gentes
639 2274 745 2327 petiverant
753 2271 821 2326 redire,

47 2331 200 2371 omniumrerum
207 2328 363 2382 copitabundare
369 2332 590 2380 capernauomnesposr
596 2328 676 2381 longum
683 2333 702 2369 et
708 2331 822 2372 acerrimum

46 2385 117 2426 bellum
128 2384 176 2431 ocio,
187 2388 206 2423 et
215 2382 353 2436 tranquillitate
370 2383 475 2435 gaudentes
489 2383 565 2436 ingenti
574 2383 641 2423 laetitia
650 2384 821 2437 perfundebantur.

46 2442 96 2481 Tum
105 2438 150 2480 verb
160 2437 244 2478 Jacobns
255 2441 299 2492 post
309 2437 385 2489 Angliae
391 2437 498 2490 Scotiaeqne
504 2452 534 2478 res
540 2439 655 2491 compositas
662 2440 683 2478 in
692 2440 715 2479 iis
724 2453 749 2479 ne
758 2441 822 2481 ullum

46 2495 143 2548 religionis
153 2493 255 2546 uestigium
265 2493 371 2546 relinquere
388 2497 474 2541 conatus,
485 2493 509 2532 ad
519 2492 602 2533 Itonia
611 2494 668 2533 tidem
679 2496 821 2547 conterendam,

46 2555 65 2590 et
71 2549 179 2590 Catlrolicos
189 2548 312 2601 extirpandos
322 2562 378 2588 omne
387 2547 479 2596 studium,
486 2561 601 2601 omnemque
611 2549 746 2600 cogitationem
757 2552 821 2600 uertit.

45 2605 132 2645 Primum
142 2618 192 2644 anno
202 2604 266 2653 tertio,
277 2603 335 2656 quam
344 2603 364 2643 in
374 2602 452 2643 ibernit
461 2606 481 2641 et
490 2602 563 2655 Angla
576 2603 675 2655 regnabat,
685 2604 721 2644 hoc
736 2600 822 2647 edictum

45 2660 163 2713 promulgari
178 2659 266 2712 imperat,
283 2659 323 2712 ejus
340 2657 470 2698 executionem
487 2658 527 2697 suis
542 2657 633 2697 ministris
647 2658 757 2712 injrmgens,
768 2662 822 2715 quod

46 2728 69 2754 er
79 2716 143 2768 Anglo
154 2719 240 2754 sermone
248 2714 270 2754 in
280 2713 372 2754 Latinum
383 2728 393 2753 a
403 2711 458 2752 nobis
467 2712 589 2761 translatum,
598 2712 626 2752 ita
636 2727 655 2752 se
665 2713 735 2754 habet:

381 2841 476 2881 Edicturir.

47 2933 87 2966 Pan
96 2935 170 2980 Regem.
196 2936 242 2969 Cum
251 2936 306 2969 tuerit
315 2935 387 2969 allatuin
396 2934 451 2974 nobis,
460 2938 530 2968 nostros
539 2934 557 2966 in
566 2934 641 2968 lbrrniae
650 2947 705 2981 regno
713 2939 793 2975 subditos
800 2943 821 2974 ab

46 2978 95 3012 obitu
107 2981 175 3014 dilectae
183 2986 248 3015 nostrae
257 2982 322 3015 sororis
336 2980 447 3013 Eliuabctlue
461 2980 526 3025 reginae
541 2979 585 3013 falso
599 2981 675 3023 quodam
690 2995 763 3019 rumore
776 2988 822 3020 inter
