2237 3535
520 417 587 445 INDEX
598 419 693 447 cummim.

471 568 543 611 rutil
557 570 575 610 Ι.
591 569 675 610 LIBER
689 570 731 611 III.

325 698 351 725 nn
362 696 484 724 sanationum
494 697 589 735 omniun,
599 697 728 734 nomiman,
739 699 763 727 ΕΤ
773 687 875 730 saltatoria.

270 790 748 836 GAP.1Vetereslherniundegenustrahuntv
803 816 810 822 -
902 816 908 822 -
941 759 989 826 Mili

354 837 380 871 II
395 836 683 871 Ibernorumfamiliaeetnomina
706 858 713 864 .
805 861 812 867 .
904 861 911 868 .
968 841 989 871 33

341 881 379 915 111.
393 882 499 915 Ibernorum
507 892 595 925 principes
603 881 630 914 rel
637 882 725 915 ntuli
694 886 725 915 au
734 882 828 927 dimitates
836 886 929 919 saeculares
967 887 989 917 34

344 926 378 961 IV.
392 926 498 961 Ibernorum
510 931 612 970 magnatum
625 927 744 972 inauguratio,
753 933 771 961 et
779 931 826 973 apud
834 942 864 963 eos
873 942 909 964 esse

421 981 475 1003 novos
484 971 559 1004 aliarum
567 970 647 1015 gentium
656 972 718 1005 titulos
805 996 812 1001 .
904 996 911 1003 .
950 973 990 1007 ibid.

358 1016 382 1050 V
394 1015 430 1049 Hic
439 1016 544 1050 Ibernorum
553 1016 647 1049 titulorum
656 1028 698 1050 usus
706 1017 753 1061 apud
761 1018 804 1052 alias
812 1025 873 1072 gentes
882 1032 911 1054 ve-

419 1060 525 1094 tustissimas
537 1060 591 1094 fuisse
603 1061 667 1105 probat
668 1074 695 1102 ur,
709 1067 739 1096 vet
740 1073 790 1097 erum
804 1065 911 1109 scriptorum

420 1105 527 1139 testimoniis
605 1127 611 1133 -
705 1129 711 1134 -
805 1131 811 1137 .
903 1131 909 1137 -
968 1111 990 1142 35

344 1150 380 1184 VI
393 1150 565 1185 DeNovisIbernis
605 1172 612 1178 .
704 1173 711 1179 .
805 1176 811 1182 .
904 1176 911 1182 .
968 1156 991 1187 36

287 1193 289 1196 ’
334 1195 380 1229 VII.
396 1196 424 1230 De
433 1196 539 1230 lbernornm
547 1207 627 1229 sermone
704 1219 711 1224 .
764 1243 765 1246 Ἴ
805 1221 811 1226 .
903 1222 910 1227 .
967 1199 990 1234 37

474 1330 546 1372 ΤΟΜΙ
561 1331 578 1370 Ι.
593 1330 678 1372 LIBER
692 1331 730 1371 IV.

366 1456 393 1483 DI}
403 1454 527 1482 IBIIRNORUM
537 1454 627 1482 moninus
638 1454 706 1485 ATQUI}
716 1454 836 1483 RELIGIONE.

366 1551 381 1584 1.
396 1548 504 1583 stanihursti
512 1547 578 1581 librum
587 1547 608 1580 de
616 1546 695 1580 moribus
703 1551 721 1580 et
728 1547 782 1581 rebus
791 1546 866 1581 ibernia
876 1558 912 1580 esse

421 1594 456 1626 fide
464 1597 481 1626 et
489 1593 599 1627 authoritate
606 1592 703 1637 indignum,
710 1592 810 1625 ostenditur

355 1639 382 1673 ΙΙ
396 1639 425 1672 De
433 1638 540 1673 Ibernmum
548 1637 626 1670 moribus
706 1658 713 1664 -

347 1684 385 1719 III
399 1683 468 1717 Eorum
474 1682 587 1716 observantia
595 1692 638 1726 erga
645 1681 715 1715 litteras
723 1685 741 1715 et
747 1681 835 1716 litteratos

347 1730 382 1763 IV
396 1729 425 1762 De
433 1728 540 1763 Ibernorum
548 1727 642 1771 Religione
703 1747 712 1755 -
904 1748 911 1754 .

357 1775 382 1809 V.
396 1774 502 1809 Ibernoium
516 1772 608 1806 conversio
622 1772 645 1805 ad
658 1771 722 1805 Fidem
736 1771 869 1810 Catholicam
864 1783 882 1805 m
890 1783 911 1805 ea

422 1822 500 1852 vetustas
509 1821 527 1851 et
534 1816 615 1855 fumitas,
623 1822 676 1861 atque
684 1817 785 1850 litterarum
797 1817 855 1850 studia
901 1836 910 1845 -
968 1818 972 1825 ’

348 1864 383 1898 VI.
397 1863 426 1897 De
435 1863 538 1896 celebrando
553 1862 636 1895 Rediiivi
650 1862 723 1895 Domini
737 1862 824 1895 Paschate
833 1866 851 1895 et
859 1862 911 1896 Pela

423 1909 474 1953 giana
485 1907 548 1941 haeresi
560 1907 601 1940 dcet
594 1911 641 1940 tores
650 1906 710 1941 Iberni
718 1907 781 1941 Sedem
788 1908 910 1979 Apostolicam

423 1952 518 1987 consulunt
702 1973 710 1979 -
903 1974 910 1980 .

336 1998 382 2033 VII.
397 1999 419 2033 In
433 2009 495 2031 eorum
509 2008 547 2041 quae
561 1996 642 2035 diximus,
650 1997 802 2030 confirmationem
810 1997 911 2031 testimonia

422 2043 526 2076 referuntur

325 2089 382 2124 VIII
396 2088 470 2133 Aliquot
483 2087 558 2122 Iberniae
573 2086 610 2126 tiri,
623 2086 749 2131 faeminaeqne'
744 2087 820 2132 insignes
831 2087 913 2122 doctrina

422 2138 440 2166 et
447 2133 542 2166 sanctitate
550 2137 665 2165 numerantur
705 2152 712 2159 -

346 2180 383 2214 IX
397 2178 487 2214 Iberniam
509 2177 593 2210 misser
586 2176 696 2221 Martyribus
719 2176 830 2211 nobilitatam
851 2154 913 2211 contra

424 2223 550 2257 Oambrensem
559 2221 659 2255 defenditur
706 2241 714 2248 -
905 2244 912 2251 .

357 2269 384 2303 Χ
397 2268 458 2304 lbe1n1
465 2267 534 2311 aliquot
542 2271 643 2300 exterarum
654 2266 734 2310 gentium
742 2265 842 2300 doctores
832 2267 912 2302 1efe1un-

424 2317 454 2346 tur
462 2324 485 2346 ex
494 2312 571 2345 Oonvaeo
607 2330 614 2337 -

345 2359 383 2393 XI.
396 2358 434 2392 Alu
442 2357 484 2391 fast1
491 2356 595 2390 referuntur
905 2379 913 2386 .

334 2404 382 2438 XII.
395 2401 526 2437 Kalendarium
538 2412 549 2434 a
562 2400 617 2433 Patre
631 2400 710 2434 Henrico
718 2378 851 2436 Dubhliniiense
859 2414 912 2437 accu-

423 2447 510 2481 maiatum
517 2445 596 2479 refer

323 2494 382 2530 XIII.
395 2493 450 2528 Ratio
463 2491 554 2532 redditur,
568 2467 716 2534 quemadmodum
724 2491 806 2544 Religio,
815 2498 833 2527 et
844 2493 912 2528 littela-

423 2548 463 2571 rum
471 2541 488 2570 st
481 2535 563 2570 tudium
558 2547 577 2568 ιιι
584 2535 655 2570 Ibernia
662 2536 686 2569 sit
694 2536 791 2570 extinctum

325 2585 381 2619 XIV.
395 2583 455 2627 Hujus
463 2580 522 2627 operis
530 2580 609 2626 epilogus
618 2584 635 2613 et
643 2582 730 2625 sequentis
738 2582 830 2626 promissio

481 2696 554 2739 ΤΟΜΙ
568 2695 597 2736 II.
612 2695 697 2736 LIBER
711 2696 728 2737 Ι.

371 2817 458 2846 Innatum
468 2814 570 2847 QUOMODO
581 2813 611 2841 sir
620 2813 647 2840 AB
658 2813 732 2841 Ananis
743 2802 850 2843 aninum?

369 2904 385 2937 Ι.
398 2903 505 2936 Ibernorum
518 2902 565 2935 inter
579 2912 597 2935 se
611 2900 663 2938 bella,
676 2904 694 2934 et
707 2906 769 2936 contra
782 2903 828 2947 ipsos
837 2903 914 2937 subactae

424 2949 481 2992 gentis
495 2947 605 2986 rebelliones,
617 2949 710 2989 antequam
724 2947 842 2982 Christianam
855 2949 913 2982 lucem

423 3003 511 3037 recepere,
519 2995 640 3026 memorantur
