2237 3535
275 417 316 457 202
415 419 549 459 o’sunsnusni
563 430 663 458 nisuonnn
679 432 804 470 chinonem,
814 433 856 461 sou
865 433 899 460 111.
965 407 1015 472 [mis.
1025 432 1045 459 u.

273 528 337 569 lucem
344 527 458 568 Corcaoham
469 527 554 567 celeriter
563 527 618 580 petit,
629 541 686 581 quem
696 527 789 570 Catholici
796 532 862 580 secuti,
871 530 894 571 ad
904 529 1044 570 Monosterium

275 582 349 624 Montis
359 583 468 635 (Mathist-er
477 595 502 622 na
509 582 594 634 Monuit
602 583 667 636 regios
677 582 769 623 ducentos
776 584 828 626 haud
835 584 916 640 impigre
925 585 1044 625 interimunt:

275 639 347 679 ceteris
358 638 440 677 dimissis
450 637 532 689 amptius
542 639 633 691 prosequi
643 637 743 678 desistunt.

598 909 657 950 cac.
673 909 710 950 tu.
770 894 772 903 ²

329 1045 407 1079 Thomas
415 1044 480 1078 Norris
489 1050 507 1078 et
515 1046 651 1080 Castetconnelli
659 1046 703 1079 haro
712 1057 751 1079 oum
759 1056 791 1078 suo
799 1045 975 1080 fratreoooiduntur.

270 1175 365 1217 Auiones
374 1174 420 1214 inde
430 1173 529 1213 mensibus
545 1173 628 1213 Thomas
644 1173 722 1213 Burkus
739 1172 886 1223 Castetconnetli
895 1172 971 1213 baronis
985 1173 1043 1213 trater

271 1230 305 1282 qui
321 1229 344 1269 ab
355 1229 425 1282 Angtis
442 1228 527 1277 descivit,
547 1228 629 1282 receptis
648 1243 659 1269 a
678 1227 791 1281 Raymuudo
807 1226 878 1268 barone
894 1232 913 1267 et
929 1228 969 1281 ejus
984 1228 1042 1268 fratre

271 1284 367 1324 Gulietmo
377 1283 471 1324 militibus
480 1284 502 1323 in
511 1283 597 1325 Musciia
604 1283 687 1332 Kurkia,
695 1282 771 1323 castella
780 1297 820 1323 non
830 1284 875 1322 setis
886 1284 960 1322 munita
970 1297 1042 1336 expug-

269 1339 334 1379 nabat.
364 1338 414 1383 Quae
424 1339 474 1379 eirca
488 1338 531 1378 toea
547 1338 622 1387 Neuris,
640 1339 673 1392 qui
685 1352 728 1378 eum
739 1338 824 1378 exercitu
834 1342 879 1386 erat,
890 1352 934 1377 cum
944 1338 1042 1390 equit-ibus

270 1394 352 1447 amptius
362 1394 450 1434 ducentis
462 1397 481 1434 et
489 1393 587 1448 peditibus
601 1393 655 1434 mille
664 1394 684 1433 in
694 1393 786 1433 Thomam
796 1393 824 1433 ire
834 1393 938 1442 contendit,
948 1393 1041 1446 iilumque

270 1463 314 1489 cum
324 1450 412 1502 equitatu
429 1452 447 1488 et
460 1448 576 1489 bombardiis
593 1448 618 1489 ad
634 1448 750 1489 Kiltthiham
759 1446 884 1488 nanciscitur.'
911 1449 993 1489 Thomas
1008 1449 1042 1501 qui

271 1504 364 1544 ducentos
373 1508 449 1543 tantum
457 1503 530 1557 pedites
540 1507 586 1543 tunc
603 1503 677 1552 habuit,
692 1503 733 1544 loco
744 1503 809 1544 cedere
819 1504 900 1557 putavit.
929 1503 957 1543 Ea
967 1517 988 1543 re
1001 1517 1042 1543 non

271 1563 372 1599 contentus
381 1558 451 1598 Nonis
461 1560 481 1599 in
489 1559 530 1612 ejus
539 1558 617 1599 ultimos
627 1559 703 1599 ordines
712 1573 756 1598 cum
763 1558 850 1612 equitatu
858 1559 945 1611 proruit3
955 1558 976 1598 in
986 1559 1041 1611 cujus

269 1614 364 1667 impetum
373 1614 457 1653 Thomas
467 1628 507 1653 sese
514 1614 615 1662 convertit,
622 1618 641 1654 et
647 1613 661 1653 J
661 1613 744 1653 ohannes
751 1613 830 1654 Burkus
839 1613 908 1653 nobilis
918 1613 1041 1653 Connachtus

269 1668 369 1708 Noscisem
379 1669 434 1708 hasta
442 1682 477 1721 per
493 1668 566 1721 galeam
582 1669 632 1718 ferit,
642 1668 663 1707 in
672 1668 733 1721 capite
742 1669 822 1708 ferream
832 1667 891 1708 hastae
901 1668 998 1721 cuspidem
1011 1682 1040 1708 se-

267 1723 371 1776 h'nquens:
382 1723 452 1762 Nonis
462 1723 541 1763 vohiere
551 1724 632 1763 afflictus
651 1722 736 1763 Moalam
750 1723 801 1763 redit
815 1722 849 1763 nbi
865 1723 916 1763 intre
928 1723 1041 1775 quindeoem

268 1778 308 1818 dies
318 1779 420 1823 suochunt
447 1777 561 1831 Deumpsius
571 1777 688 1818 O’Conehur
697 1781 774 1820 centuni
788 1778 882 1818 militibus
892 1778 992 1818 comitatus
1006 1792 1040 1831 per

267 1834 314 1873 fines
324 1832 417 1873 Richardi
432 1832 496 1873 Burki
511 1832 658 1873 Castoteonuelti
676 1832 752 1873 baronis
768 1833 805 1872 iter
822 1833 892 1873 faciens
908 1849 919 1873 a
937 1832 1006 1873 barone
1021 1836 1040 1872 et

267 1888 308 1940 ejus
318 1887 376 1928 fratre
390 1888 470 1938 Thomt,
479 1887 519 1941 jam
529 1888 599 1941 Angtis
609 1887 720 1937 conciliatis,
731 1886 845 1927 ducentibus
858 1892 953 1928 trecentos
967 1887 1040 1940 pedites

267 1957 290 1983 ex
310 1942 398 1983 obaeratis
417 1943 456 1983 suis
475 1947 495 1983 et
510 1946 550 1982 tres
565 1944 653 1983 cohortes
666 1943 727 1996 regias
743 1942 854 1983 Lomueoha
873 1944 940 1983 missas
959 1944 1039 1983 circum-

266 1998 348 2037 venitur.
384 1997 438 2041 Quos
457 1999 478 2038 in
495 2012 569 2039 summo
586 1998 695 2038 discrimine
708 1998 753 2038 vitae
773 2002 792 2037 et
810 1998 889 2051 ingente
908 1998 1038 2052 desperatione

266 2053 346 2106 aggredi
365 2056 449 2102 coactus,
460 2052 525 2092 fundit
544 2058 564 2094 et
585 2055 607 2094 in
630 2053 697 2106 fugam
715 2053 778 2101 vertit,
803 2051 932 2106 baronemque
955 2056 975 2092 et
997 2053 1038 2106 ejus

264 2108 342 2148 tratrem
352 2108 446 2148 Thomam
456 2107 533 2148 occidit.

575 2367 641 2407 vChP.
658 2367 706 2407 VH.

261 2478 357 2514 Insihinnae
372 2481 438 2514 barone
455 2482 545 2515 submerso
562 2483 670 2518 Oonnachtae
683 2485 778 2529 praefectus
792 2485 966 2520 Bealanthasenium
982 2486 1035 2529 (Beal

283 2525 398 2604 ffifflstsani)
412 2538 471 2560 arcem
479 2527 558 2561 obsidet:
572 2528 682 2563 O’Doneltus
690 2529 779 2563 obsidione
790 2530 854 2564 liberat
861 2536 880 2565 et
889 2531 1034 2565 Glanriohardam

260 2667 313 2708 Hmo
322 2669 343 2708 in
352 2668 431 2710 Thornia
440 2669 487 2710 dum
503 2674 603 2723 geruntur,
613 2670 703 2711 Donatus
720 2670 835 2714 O'Conchur
848 2675 870 2714 in
882 2672 954 2726 Anglia
964 2672 986 2713 de
997 2673 1033 2714 Sti-

258 2723 325 2775 gachae
333 2724 443 2778 principatu
453 2739 497 2766 oum
506 2726 572 2779 aegina
587 2740 657 2780 parum
671 2739 725 2778 aequo
740 2726 804 2780 judice
812 2728 907 2783 litigabat,
917 2741 979 2781 neque
988 2743 1032 2781 pos-

258 2779 351 2819 sessiones
361 2781 445 2833 integras
455 2781 559 2833 impetrans
574 2795 638 2834 neque
653 2792 770 2833 consequens
780 2786 894 2837 potestatem
904 2783 925 2823 in
935 2782 1032 2824 Ibernism

257 2833 355 2884 redeundi,
365 2849 390 2876 ne
399 2835 451 2876 bona
460 2836 479 2876 vi
489 2839 563 2877 retenta
577 2839 662 2877 tentaret
677 2837 733 2876 armis
742 2850 852 2892 recuperare
861 2837 974 2879 turbulento
983 2843 1031 2879 tem-

381 2961 389 2977 *
402 2959 512 3004 Monanimp,
521 2972 544 2993 ou
552 2960 581 2993 the
591 2960 709 2998 Btactwater,
718 2972 759 2994 near
768 2961 891 3006 Bridgetown.

445 3006 454 3048 t
462 3005 514 3046 June,
525 3006 646 3038 man-Fon
653 3007 736 3045 hisistere,
744 3018 760 3051 p.
769 3008 820 3040 2116.
