2237 3535
263 381 304 420 154
402 382 536 422 o’surrnvaur
550 393 650 420 nrsrourn
665 393 790 431 carnosiora,
801 393 842 421 ron
851 391 885 420 111.
944 378 995 431 [ara.
1006 392 1031 420 rr.

262 490 393 544 deprehendit,
402 495 422 530 et
438 489 529 529 custodiae
547 487 632 536 mandat,
649 489 753 542 jussusque
771 505 783 531 a
801 503 880 545 prorege
898 487 1032 529 Dubhliuuam

261 546 348 587 vinctum
357 546 432 585 mittere
441 543 520 597 imperio
529 557 570 583 non
579 541 670 583 obediens
685 542 755 595 laqueo
764 545 870 598 suspendit,
881 543 986 584 ltlidhiensi
996 543 1031 583 ho-

194 602 196 604 ’
261 601 314 641 mine
323 604 393 640 tortore
399 614 405 647 ;
420 612 465 638 nam
475 597 545 652 pietate
555 601 574 638 et
584 610 647 637 amore
655 597 677 637 in
690 596 780 638 Onellam
793 600 885 640 familiam
894 602 913 639 et
922 598 1032 639 Jolrannem

260 654 366 708 principem
374 652 440 693 nullus
450 668 460 694 e
469 657 510 694 tota
519 653 590 694 Tirout
599 653 663 705 potuit
671 651 744 692 viribus
753 653 799 692 ullis
809 654 883 703 deduci,
889 657 911 694 ut
918 652 1031 707 Compedito

260 712 342 749 mortem
350 707 451 749 inferrent
478 708 527 748 lude
536 707 676 757 Dubhliuuam,
690 720 796 760 proregem,
807 712 826 748 et
835 709 856 749 iu
865 708 936 763 anglia
945 708 1031 762 reginam

259 763 300 804 adit
308 763 383 804 reniam
392 763 481 817 petitum,
496 777 553 816 quam
562 763 677 815 impetrarit,
692 762 766 816 aliquos
779 762 809 815 (ut
822 763 914 817 creditur)
925 764 982 804 donis
990 777 1031 803 cor-

257 818 365 872 rumpendo
382 823 401 859 et
416 818 482 871 regina
497 832 519 858 eo
534 818 615 857 forsitan
630 821 688 864 mota,
699 816 751 870 qdod
767 816 876 857 consultum
887 833 927 859 esse
936 818 1032 872 judicaret

258 873 315 913 illum
322 874 382 913 etiam
392 872 535 926 delinquentem
544 875 610 912 contra
615 872 726 912 Terentium
732 871 837 912 O’Nellum
843 872 918 913 Trana
924 874 1031 927 principem

258 942 333 969 seruare
343 928 364 968 aa
373 928 446 968 ratione
456 928 494 981 quta
503 928 566 968 fuerat
575 927 652 980 adjutus
662 930 681 967 et
693 931 767 969 auctus.
796 926 865 979 ltaque
874 941 960 968 reversus
971 928 1030 969 estin

258 982 356 1023 Iberniam
366 983 415 1023 datis
425 982 505 1023 vadibus
515 981 585 1023 comite
591 981 685 1022 Urmouio
692 986 711 1022 et
721 982 857 1035 Christophore
867 980 946 1022 Hatone
953 982 1030 1036 Angliae

258 1037 376 1086 cancellario,
392 1038 472 1078 sistendi
487 1052 506 1078 se
521 1037 640 1077 Dubhlinnae
656 1037 707 1090 apud
724 1051 823 1090 proregem
833 1036 909 1089 quando
918 1036 940 1076 in
954 1038 987 1090 jus
996 1052 1030 1078 ro-

257 1096 339 1133 caretur.
367 1092 419 1133 Eum
428 1092 493 1146 paucis
502 1092 548 1133 inde
564 1091 631 1132 diebus
645 1106 713 1145 preren
728 1091 784 1145 jubet
792 1091 911 1132 Dubhlinuae
920 1105 1030 1145 comparare

257 1151 281 1187 ut
289 1151 381 1201 perpetuo
392 1149 462 1188 carceri
471 1147 595 1188 addiceretur.
624 1146 661 1187 Ille
670 1146 738 1187 maluit
748 1160 767 1186 se
778 1160 834 1199 quam
844 1161 889 1187 suos
903 1146 960 1187 vades
969 1147 1029 1201 peric-

256 1202 315 1242 litari.
350 1202 419 1255 Itaque
435 1202 569 1243 Dubhlinuam
589 1202 625 1242 iter
641 1202 707 1255 arripit
724 1201 851 1242 architriclino
872 1202 976 1254 praemisso,
997 1202 1030 1255 qui

256 1257 310 1298 lauto
320 1261 340 1297 et
349 1257 449 1311 splendido
465 1258 551 1298 convivio
566 1261 631 1311 parato
641 1257 698 1297 duces
709 1260 728 1296 et
737 1255 857 1297 nobilitatem
866 1257 914 1310 regii
927 1257 1029 1306 exereitus,

256 1312 282 1352 ad
296 1327 368 1353 caenam
385 1313 481 1353 invitaret.
509 1312 555 1366 Ipse
571 1312 606 1352 sub
623 1312 752 1365 uespertinum
769 1311 902 1365 crepusculum
916 1312 940 1351 ad
954 1316 1030 1364 portam

256 1366 410 1407 Dublrlinnensis
427 1368 475 1408 arcis
490 1381 539 1421 equo
556 1367 649 1416 desiliens,
665 1380 765 1421 proregem
780 1368 843 1419 quiin
858 1366 880 1406 ed
896 1366 971 1418 agebat,
982 1366 1029 1406 adit.

257 1421 296 1462 Hic
305 1422 361 1462 illum
374 1422 431 1476 jubet
447 1422 518 1463 salvere
529 1426 548 1463 et
558 1423 631 1471 valere3
646 1422 668 1462 et
681 1427 739 1462 nocte
754 1436 822 1475 corpus
839 1421 863 1461 ab
876 1421 949 1461 itineris
963 1421 1029 1462 labore

256 1477 332 1517 reficere
342 1481 360 1517 et
370 1492 435 1518 curare
440 1494 446 1527 ,¹
462 1478 547 1518 censuris
562 1491 602 1517 nou
618 1477 688 1525 deesse,
705 1480 781 1530 postero
792 1477 822 1517 die
832 1476 856 1516 ad
866 1490 886 1515 se
895 1476 962 1517 redire.
990 1476 1028 1516 Ille

257 1545 301 1572 arce
310 1546 396 1584 egressus
405 1533 427 1572 in
436 1536 513 1585 pratum
530 1546 600 1586 equum
615 1532 687 1585 dirigit,
704 1532 759 1584 quasi
775 1532 860 1572 animum
875 1535 993 1572 recreaturus
1008 1536 1027 1571 et

259 1586 305 1627 inde
322 1587 386 1640 equite
400 1601 440 1627 uno
456 1589 524 1627 comite
538 1588 560 1627 in
576 1587 676 1627 Ultouiam
692 1587 749 1639 fugit,
759 1590 811 1626 ratus
821 1586 841 1626 id
852 1586 959 1639 quoderat,
969 1586 1027 1626 vades

258 1655 303 1681 suos
314 1656 354 1681 esse
361 1642 401 1694 jam
411 1641 514 1682 vadimonii
531 1642 645 1696 obligatione
655 1641 734 1681 solutos.
764 1641 813 1681 Cum
823 1641 895 1681 diutius
905 1644 1028 1682 cunctaretur

256 1696 396 1737 architriclinus
411 1696 467 1750 jubet
489 1698 578 1737 conuiuas
595 1696 718 1745 discumbere,
729 1697 842 1737 confirmans
851 1695 905 1736 illum
915 1696 945 1736 vel
954 1696 975 1736 in
985 1709 1028 1737 arce

257 1766 268 1791 a
277 1752 354 1805 protegi
363 1751 446 1800 retineri,
457 1751 487 1791 vel
497 1766 516 1792 se
527 1752 550 1792 de
560 1766 582 1792 eo
592 1751 640 1792 nihil
646 1752 693 1792 certi
701 1751 777 1792 babere.

496 1920 792 1929 ..ω-...Μ

583 2051 640 2091 CAP.
655 2050 692 2091 IV.

451 2171 568 2205 Ultoniorum
577 2173 645 2205 obsides
654 2172 675 2206 ab
684 2173 748 2217 Anglis
756 2173 832 2218 fugiunt.

253 2297 332 2337 Paucis
338 2299 382 2349 post
391 2295 459 2336 diebus
475 2310 498 2336 er
507 2296 631 2337 Vltoniorum
645 2297 744 2338 obsidibus
754 2297 814 2351 Hugo
824 2298 942 2341 O'Donellus
953 2300 1025 2351 Rubra

253 2351 325 2392 Daniel
335 2352 380 2392 lllac
390 2351 482 2391 Suinnius
492 2351 597 2400 Oreruleus
610 2351 697 2393 &Huon
712 2352 846 2402 O’Gassaehtn
858 2354 881 2394 de
891 2356 960 2408 quibus
969 2371 1025 2409 supe-

252 2408 294 2447 rius
303 2407 362 2447 locuti
379 2420 452 2455 sumus,
463 2421 486 2446 en
495 2421 537 2447 arce
554 2406 698 2448 Dubhlinnensi
713 2407 797 2460 fugiunt.
825 2408 919 2450 Caeterum
929 2410 995 2451 Ruber
1004 2412 1025 2451 in

252 2462 348 2502 narnium
368 2461 493 2501 O'Tuehilcm
510 2462 594 2515 equitem
611 2461 738 2511 Ibernumlr
753 2463 822 2516 reginae
838 2466 935 2505 ministros
949 2466 1024 2506 incidit.

252 2517 339 2557 Felmius
348 2516 416 2556 statuit
431 2530 475 2556 eum
490 2517 557 2557 inuitis
567 2516 624 2570 regiis
633 2517 726 2557 ministris
740 2516 839 2568 dimittere,
854 2520 906 2559 haud
923 2520 994 2561 dubius
1004 2536 1024 2561 se

252 2573 373 2613 fortunarum
390 2572 496 2612 inacturam
510 2572 613 2624 jacturum,
631 2574 647 2612 tr
662 2573 684 2611 in
704 2571 804 2613 discrimen
823 2579 930 2616 venturum.
966 2575 1024 2620 Quod

251 2626 325 2667 malum
348 2627 418 2666 timens
437 2626 488 2666 Rosa
506 2626 535 2667 Ni
553 2627 623 2667 Tuebil
640 2626 709 2667 Felrnii
728 2641 786 2677 soror,
802 2630 818 2669 a
836 2629 903 2670 Fiachi
919 2631 1024 2671 O'Bruinis

188 2683 318 2734 [ratmont
344 2681 398 2721 fratri
421 2682 521 2734 persuasit,
541 2688 562 2721 vt
586 2696 631 2731 suae,
656 2686 714 2734 atque
730 2681 790 2724 Rubri
807 2685 864 2725 simul
878 2685 935 2726 saluti
954 2700 1023 2726 consu-

251 2737 312 2777 leret:
333 2736 390 2789 idque
414 2736 471 2776 illum,
493 2737 595 2785 factruum,
617 2737 633 2776 si
656 2737 677 2776 ed
701 2740 757 2776 nocte
776 2738 863 2780 Rubrum
880 2741 931 2793 apud
950 2755 971 2781 se
994 2755 1023 2781 re-

251 2793 322 2832 tineret
330 2791 351 2832 iu
361 2791 438 2831 Kelriuo
449 2790 532 2832 Castello'
541 2792 632 2843 (caislean
645 2790 728 2844 Kelrin,)
740 2792 798 2834 donee
808 2810 819 2835 a
828 2795 896 2835 marito
906 2809 941 2836 suo
950 2795 1022 2836 utactio

274 2918 281 2934 *
294 2916 338 2951 This
346 2917 419 2962 chapter
428 2928 488 2962 agrees
496 2918 514 2951 in
523 2919 554 2952 the
562 2918 609 2951 main
618 2918 660 2950 with
670 2917 753 2959 Oamden,
761 2922 809 2956 AD.
820 2924 869 2963 1589,
876 2925 903 2956 90.
929 2924 963 2957 See
971 2924 1022 2958 Four

251 2962 335 3000 Masters,
343 2974 360 3007 p.
371 2965 421 2997 issa.
447 2963 499 2997 Aodh
508 2963 529 2996 of
534 2964 564 2996 the
573 2963 644 2996 Fetters
652 2974 688 2996 tras
697 2975 708 2997 a
716 2976 747 2998 sou
755 2967 775 2999 of
781 2967 829 3001 John
842 2967 906 3001 O’Neil
913 2969 943 3003 the
952 2969 1020 3003 Proud.
