2237 3535
123 393 166 420 cur.
177 378 208 430 1.]
285 391 312 420 on
323 392 418 423 uuaruou
427 392 499 421 carnis
509 392 670 421 rnasnounours
680 391 771 419 sunonis.
857 380 896 421 275

121 488 163 529 licis
178 488 306 542 undequaque
323 490 516 532 circumuenientibus
525 490 601 531 fortiter
609 490 705 543 praelians,
716 488 819 541 multisque
832 488 897 529 vulue-

121 543 174 584 ribus
191 543 270 584 affectus
285 546 376 586 exanimis
393 548 490 588 sternitur.
521 545 638 600 superstites
654 545 675 585 in
693 547 798 585 castrorum
808 543 897 593 frontem,

121 598 155 639 ubi
165 603 363 650 castrametaretur,
373 602 457 656 fugiunt.
486 601 673 648 Oastrametatorem,
684 603 704 639 et
713 598 818 638 exercitum
834 603 897 650 toturn

120 654 189 706 ingens
206 668 265 707 pavor
279 655 365 697 inuadit:
380 656 471 698 nonnulli
486 656 553 698 castris
571 655 651 696 desertis
667 669 709 695 sese
725 653 776 706 fuga
791 653 897 694 mandant:

121 722 225 762 omnesque
235 709 315 763 fugituri
324 711 444 762 videbantur,
454 712 491 752 nisi
501 711 624 752 O’Docharta
634 723 713 751 suorum
720 708 814 762 paucitati
821 709 897 755 timens,

120 764 207 816 receptui
215 778 288 815 canere,
297 766 403 820 pedemque
412 768 481 808 referre
496 767 590 820 jussisset¹
619 766 706 818 Accepto
716 765 787 804 damno
797 766 897 803 castrame-
938 793 939 796 η

120 823 171 859 tator
180 819 278 873 perculsus
288 835 310 861 ex
320 822 377 874 plano
386 822 408 862 in
417 822 504 876 praesidia
514 822 608 875 confugit.
637 820 762 861 O’Docbarta
771 833 838 872 pagos,
849 830 897 871 quos

121 873 219 915 Henricus
227 876 318 928 possedit,
327 877 425 929 ingressus
434 877 536 930 praedatur,
547 881 605 930 atque
615 875 708 916 devastat.
722 874 760 915 Per
770 873 897 915 Drumorium

119 929 184 969 lacum
199 929 221 970 in
235 930 316 971 insulan]
333 931 429 981 lintribus,
447 936 504 985 atque
513 932 631 985 pontonibus
641 935 708 972 vectus
717 944 780 971 arcem
791 932 896 983 expugnat,

120 989 178 1036 atque
193 984 265 1039 diripit.
294 985 369 1026 Rursus
385 990 527 1027 castrametatur
540 987 613 1027 viribus
626 987 710 1035 relectis,
720 984 826 1039 majoribus
836 983 896 1037 copiis

120 1040 239 1094 conscriptis,
249 1040 368 1081 uberioribus
384 1041 499 1082 lbemosum
513 1041 588 1082 auxiliis
599 1042 664 1082 accitis
674 1045 740 1081 contra
751 1039 896 1080 O’Dochartam

119 1094 165 1135 lacit
181 1095 327 1148 expeditionem.
356 1096 440 1136 Auxiliis
455 1102 549 1150 praeerant
564 1096 634 1136 Nellus
652 1095 772 1136 O'Donellus
789 1096 858 1149 Asper,
875 1098 896 1134 et

119 1149 164 1190 Mac
175 1150 266 1191 Sninnius
283 1151 383 1191 Tuethius
412 1150 500 1194 Quorum
516 1151 588 1191 viribus
603 1150 726 1191 O'Docbarta
736 1155 789 1190 ratus
799 1164 843 1190 suas
853 1163 895 1189 esse

119 1204 201 1257 impares
210 1205 232 1245 111
241 1205 335 1246 Beatham
344 1206 415 1258 sylvam
431 1220 471 1246 sese
485 1219 529 1246 cum
538 1205 605 1246 multis
614 1205 686 1246 divitiis
697 1205 755 1246 abdit.
786 1204 830 1249 Quo
841 1208 895 1245 eraut

119 1260 197 1300 omuinb
214 1261 282 1301 itinera
298 1261 341 1309 tria,
353 1260 422 1313 quibus
439 1261 503 1301 hostes
518 1265 607 1313 poterant
616 1260 671 1300 illum
681 1261 766 1314 aggredi,
777 1274 819 1312 quae
837 1259 895 1300 simul

119 1315 166 1367 regii
176 1316 270 1369 arripiunt
280 1316 364 1356 exercitu
374 1315 435 1355 diviso
444 1317 464 1356 in
474 1320 513 1355 tres
522 1319 585 1367 partes
594 1316 644 1355 inter
654 1320 692 1355 tres
703 1316 760 1355 duces
773 1319 895 1355 castrameta-

118 1373 185 1419 torem,
202 1372 298 1424 Asperum
315 1375 334 1410 et
350 1370 461 1410 Tuethium,
490 1369 613 1410 O’Docbarta
630 1383 707 1423 quoqne
717 1370 756 1409 suis
767 1368 894 1422 copiislouge

118 1425 226 1465 minoribus
234 1425 335 1478 tripartitis
350 1424 386 1464 tria
403 1425 461 1464 simul
469 1425 538 1464 itinera
548 1423 628 1465 obsidet.
658 1424 689 1464 De
699 1424 769 1478 quibus
779 1424 803 1463 ab
812 1425 895 1477 utraque

118 1482 171 1532 parte
182 1479 223 1519 dies
232 1480 306 1520 circiter
320 1479 400 1533 triginta
416 1478 521 1519 missilibus
536 1478 659 1519 contenditur
668 1492 709 1519 non
724 1478 790 1518 multis
805 1479 896 1531 utrinque

118 1534 244 1587 interemptis⁴
272 1534 362 1586 Denique
378 1537 520 1574 castrametatur
536 1537 645 1574 commeatu
662 1532 762 1573 deficiente
770 1533 791 1572 in
808 1533 896 1586 praesidia

118 1587 173 1628 redit.
204 1588 267 1633 Quam
278 1588 401 1628 O'Docharta
418 1592 494 1629 secutus
508 1589 603 1641 augustiis
616 1587 655 1628 illis
664 1587 702 1628 loci
710 1587 781 1628 relictis
791 1602 825 1641 per
834 1589 897 1641 regios

119 1644 241 1684 excursiones
256 1643 309 1684 facit.
339 1643 379 1683 Sub
389 1644 426 1684 boc
435 1648 512 1696 tempus
521 1644 584 1697 Asper
593 1644 614 1684 in
627 1657 670 1683 eam
684 1643 813 1697 suspicionem
826 1642 898 1697 Anglis

118 1698 177 1747 venit,
188 1698 241 1752 qubd
250 1703 300 1739 esset
310 1712 353 1738 cum
364 1698 488 1739 O’Docbarta
500 1699 522 1739 in
531 1697 604 1739 bellum
620 1698 770 1752 conspiratums.
786 1745 787 1748 Ἴ
800 1697 831 1738 Ob
845 1698 897 1751 quod

118 1754 203 1806 primum
212 1754 233 1794 in
243 1752 321 1794 Ibernit
331 1754 424 1794 custodia
433 1754 540 1802 mandatus,
555 1753 601 1794 inde
610 1753 631 1794 in
640 1753 732 1807 Augliam
741 1753 864 1794 transmissus
874 1753 895 1793 in

118 1808 239 1849 Londinensi
248 1822 291 1849 arce
300 1808 418 1848 detinetur.l
432 1809 513 1861 Aliquot
522 1808 591 1849 deinde
604 1808 672 1848 diebris
682 1808 751 1862 elapsis
760 1808 837 1861 Anglus
848 1822 895 1861 quo-

119 1878 156 1916 que
166 1878 241 1917 prorex,
252 1868 270 1903 et
280 1863 420 1904 Olanrichardae
437 1878 499 1904 comes
516 1862 620 1916 majoribus
630 1864 691 1917 copiis
701 1863 814 1916 conscriptis
824 1867 894 1903 castra-

118 1919 208 1959 metaturi
217 1918 315 1972 suppetias
324 1918 409 1958 veniunt.
439 1918 562 1958 O'Docbarta
571 1922 624 1958 ratus
634 1933 654 1958 se
664 1932 705 1958 esse
714 1918 807 1970 imparem
815 1918 894 1971 utrique

119 1974 217 2022 exercitui,
228 1973 322 2025 siquidem
338 1972 429 2012 utrolibet
445 1977 485 2013 erat
494 1973 572 2012 inferior
581 1986 661 2013 numero
670 1973 761 2022 militum,
771 1973 892 2013 intutiorem

117 2028 182 2069 locum
191 2042 232 2068 sese
241 2028 324 2081 recipere
339 2027 445 2077 constituit,
456 2026 565 2079 bellumque
578 2027 656 2067 tantum
671 2027 745 2076 ducere,
757 2028 818 2068 donec
827 2041 893 2081 super·

118 2084 172 2123 stitcs
188 2082 281 2122 lbemicaa
295 2082 402 2136 juventutis
417 2096 440 2121 cx
455 2081 543 2122 11111111οὲυ
552 2082 640 2131 factione,
651 2083 685 2135 qui
695 2097 718 2122 ex
728 2082 784 2122 variis
793 2083 849 2135 regni
858 2097 892 2123 au-

118 2137 168 2190 gulis
178 2137 203 2177 ad
212 2137 266 2177 illum
275 2137 313 2178 iter
322 2136 436 2188 habebantll
448 2137 565 2190 perveniant,
579 2137 692 2191 justumque
702 2138 806 2177 exercitum
815 2135 960 2179 111111111112191

118 2193 168 2232 Olim
177 2191 288 2245 compositis
294 2192 393 2232 ordinibus
399 2205 468 2245 agmen
475 2192 557 2241 duceret,
566 2192 602 2231 sub
611 2192 660 2233 lucis
668 2196 755 2232 exortum
765 2192 826 2232 hostis
836 2192 891 2233 illum

119 2248 239 2299 assequitur:
254 2246 287 2287 sed
303 2246 407 2287 missilibus
424 2247 514 2301 utrinque
531 2246 643 2299 aliquandiu
659 2250 745 2301 pugnato
759 2261 825 2287 rursus
835 2248 892 2296 redit,

117 2301 170 2342 nullo
181 2301 299 2342 memorabili
309 2307 392 2355 accepto,
399 2301 430 2341 uel
438 2302 491 2342 illato
502 2302 577 2342 damno.
607 2302 688 2355 Aliquot
697 2305 741 2355 post
750 2302 893 2343 borisoecurrit

117 2356 217 2398 hostilium
234 2357 408 2398 bombardaricrum
425 2357 455 2397 ala
470 2357 598 2397 O'Dccbartac
617 2371 686 2410 agmen
704 2357 778 2397 eminus
797 2356 893 2410 plumbeis

117 2411 220 2466 glandibus
236 2426 321 2465 carpens,
336 2413 356 2452 111
366 2426 424 2465 quam
440 2412 563 2452 O'Docbarta
579 2412 657 2452 alteram
673 2412 755 2465 imperat
768 2412 832 2452 mitti:
848 2426 893 2453 cum

119 2468 157 2521 quat
165 2468 207 2521 ipse
224 2480 301 2520 quoque
318 2468 414 2508 animosus
429 2466 505 2520 juranis
519 2471 588 2520 praeter
598 2467 706 2515 concilium,
717 2470 736 2506 et
746 2466 853 2507 senioribus
862 2468 892 2508 in-

118 2522 161 2563 sciis
171 2537 195 2563 ex
205 2522 280 2576 agmine
298 2521 414 2563 descendens
429 2521 500 2575 duplici
515 2522 591 2576 tragula
608 2522 707 2562 corifossus
726 2522 777 2561 solus
794 2521 893 2563 occumbit

117 2578 169 2618 intra
178 2578 226 2619 duas
236 2578 298 2627 boras,
309 2592 367 2631 quam
376 2578 414 2618 fuit
430 2577 549 2617 absolutione
559 2576 691 2617 sacramentali
699 2576 781 2630 peccatis
792 2576 892 2630 expiatus:

118 2633 173 2687 cujus
189 2633 273 2674 infausta
288 2647 326 2673 nex
343 2633 392 2674 bello
410 2633 483 2673 exitum
499 2633 585 2672 omnium
600 2632 691 2685 opinione
700 2631 810 2672 celeriorem
819 2632 892 2673 attulit.

118 2687 209 2743 Namque
219 2688 282 2729 caeteri
291 2692 360 2743 praeter
369 2702 440 2742 paucos
458 2687 505 2727 duce
522 2686 610 2727 destituti
623 2687 644 2726 iu
655 2686 769 2739 optantium,
780 2691 800 2726 et
809 2687 893 2729 invitan-

118 2743 168 2784 tium
177 2744 287 2798 Anglorunr
297 2744 383 2797 gratiam,
393 2748 416 2783 ut
425 2744 509 2796 primum
519 2741 600 2795 quisque
609 2742 680 2795 potuit,
690 2741 808 2783 rediverunt.

176 2894 183 2910 *
196 2893 243 2928 June
251 2897 279 2934 24,
290 2896 339 2928 leue.
362 2893 408 2927 Died
417 2892 435 2925 in
443 2891 502 2936 prison
510 2891 528 2924 in
538 2891 661 2925 rana...Faur
669 2893 752 2934 Mastars,
760 2904 777 2941 p.
784 2894 836 2927 2365.
