2237 3535
211 387 238 425 78
359 388 491 428 o'sumnvrur
506 399 608 427 ursrcma
623 399 747 435 csrrronrcm,
763 400 812 427 ron.
828 399 851 426 rr.
897 386 947 439 [mn.
958 397 982 424 rr.

211 495 299 536 rentibus
306 499 325 536 et
333 496 403 536 iHustri
409 494 481 534 familia
491 495 664 549 O'Magaunorum,
676 496 710 548 qui
721 495 799 547 juvenis
808 497 830 537 in
839 496 930 550 Angliam
940 508 984 535 cum

211 551 323 604 parentibus
333 549 463 603 proficiscitur,
474 550 564 604 indeque,
581 551 668 598 Romam,
676 549 828 603 religionemque
846 552 950 604 professus,
965 555 984 590 et

212 607 270 646 sacris
281 604 378 646 ordinibus
388 603 474 644 initiatus
484 605 505 646 in
515 606 606 660 Angliam
615 619 702 645 reversus
712 608 791 657 propter
799 605 857 645 fidem
864 605 984 647 Catholicam

213 673 316 713 suspensus
333 662 407 699 secatur
424 673 474 700 anno
485 662 547 710 1594,
567 661 618 702 unde
633 660 699 700 multis
715 658 793 712 Anglus
809 659 868 699 fuisse
882 661 930 701 falso
945 674 985 701 cre-

213 715 270 755 ditur.

239 767 338 821 Eugenius
358 768 404 810 Mac
425 769 517 822 Doganus
533 769 630 819 Sacerdos,
651 770 725 810 Doctcr
744 768 860 821 Theologus,
876 768 986 823 Episcopus

211 824 268 863 Rosac
278 823 395 876 designatus,
405 824 471 864 multis
481 824 588 877 gladiorum
597 824 668 865 ictibus
683 825 803 865 dilaceratus.

239 878 352 932 Dermpsius
359 878 404 919 Mac
414 878 485 919 Oarrha
494 879 599 933 presbyter,
607 894 712 933 suspensus
722 884 742 919 et
751 884 821 920 sectus.

238 932 354 973 Dominicus
370 932 479 974 O'Oalanus
492 934 594 988 religiosus
604 935 664 975 laicus
679 949 690 975 e
707 935 798 975 societate
808 933 821 975 J
822 947 862 983 esu,
873 931 931 973 simili
940 945 986 985 sup-

210 987 268 1041 plicio
279 988 362 1028 affectus.

238 1042 348 1083 Bernartlus
362 1042 408 1083 Mac
418 1042 524 1084 Moriartus
533 1048 595 1085 morte
605 1043 705 1084 affectusfk

238 1098 328 1138 Donatus
338 1097 384 1138 Mac
394 1097 481 1139 Oriedius
490 1103 564 1140 tractus
574 1100 618 1154 equi
626 1099 693 1149 cauda,
703 1113 808 1152 suspensus
816 1101 835 1137 et
845 1102 915 1138 sectus.

240 1152 339 1193 Cornelius
360 1152 482 1195 O'Dubhena
498 1154 553 1195 Duni
569 1159 587 1195 et
604 1154 693 1195 Oonoriae
711 1154 820 1207 Episcopus
842 1165 947 1207 suspensus
967 1154 987 1191 et

210 1211 280 1248 sectus.

237 1262 331 1303 Patritius
341 1262 481 1304 O'Luchranus
491 1264 584 1314 sacerdos,
595 1264 662 1305 etdem
670 1267 732 1305 morte
742 1266 859 1318 peremptus.

237 1317 349 1359 Ludovicus
358 1317 502 1372 O'Labertagus
513 1320 606 1370 sacerdos,
620 1320 739 1360 interfectus.

240 1372 347 1414 Connatius
358 1372 484 1414 O'Kienanus
494 1375 587 1424 sacerdos,
596 1375 677 1416 occisus.

239 1427 252 1467 J
254 1428 338 1468 ohannes
347 1428 393 1468 Mac
402 1428 512 1470 Konnanus
522 1430 615 1479 sacerdos,
625 1429 695 1483 laqueo
705 1443 816 1482 suspensus.

239 1482 350 1524 Bernardns
368 1482 517 1525 O'Carrullanus
534 1486 627 1534 sacerdos,
645 1485 723 1525 auribus
739 1487 851 1538 amputatus
861 1486 880 1522 et
895 1485 987 1534 strangu-

212 1536 270 1577 latu.

240 1591 311 1632 Daniel
318 1591 445 1633 O'Harcanus
455 1594 548 1644 sacerdos
559 1595 580 1635 in
589 1608 669 1643 carcere,
677 1598 696 1634 et
705 1593 787 1634 vinculis
802 1596 896 1634 mortuus.

240 1646 333 1687 Patritius
342 1646 434 1687 O'Dim'us
445 1650 538 1699 sacerdos,
545 1664 656 1703 suspensus,
671 1653 690 1689 et
700 1648 776 1689 scissus.

240 1701 333 1742 O’Dirius
344 1701 431 1741 sacerdos
442 1704 573 1757 strangulatus
583 1709 603 1745 et
612 1709 682 1745 sectus.

239 1756 329 1798 Donatus
337 1755 465 1803 O’Lluinus†
474 1759 620 1810 Dominicanns,
624 1759 686 1808 Prior,
693 1758 840 1811 nonagesimum
847 1771 919 1797 anuum
927 1768 986 1808 agens

212 1825 325 1864 suspensus,
334 1814 353 1850 et
367 1815 437 1851 sectus.
450 1814 461 1863 ‡

239 1867 323 1906 Thomas
333 1865 448 1906 Geraldinus
462 1865 601 1909 Franciscanus
619 1868 721 1921 religiosus
738 1868 860 1908 concionator
870 1865 987 1906 clarissimus

211 1920 245 1960 diu
255 1934 328 1962 carcere
342 1921 462 1974 vinculisque
471 1926 563 1973 retentus,
574 1928 593 1964 et
607 1923 686 1963 tandem
695 1926 790 1963 mortuus.
819 1921 850 1961 Er
859 1921 987 1975 plurimorum

233 2062 241 2077 *
254 2059 361 2093 “Dominus
376 2060 479 2093 Bernardus
488 2060 592 2101 Moriartus,
612 2062 694 2095 sacerdos
712 2060 855 2095 Ardachadensis
869 2058 953 2095 diaecesis,
968 2058 987 2090 in

209 2105 250 2149 jure
259 2105 348 2144 canonice,
354 2106 373 2137 in
379 2105 573 2150 Hispaniagraduatus,
579 2107 662 2140 Decanus
668 2107 811 2140 Ardachedensis
820 2109 838 2137 et
845 2104 987 2138 Archidiaconus

212 2150 316 2184 Oluanensis
323 2149 477 2192 (Olonmicnoise.)
492 2151 604 2184 Constitutus
612 2157 674 2195 postea
681 2151 757 2185 vicarius
763 2150 850 2194 generalis
859 2148 987 2188 Dubliniensis,

210 2207 243 2240 par
251 2196 276 2228 D.
283 2194 378 2228 Matthiam
387 2196 407 2228 de
416 2195 484 2228 Oviedo
490 2196 574 2240 Arcbiep.
587 2196 731 2236 Dubiinnensem,
740 2201 801 2239 captus
810 2199 837 2227 est
845 2205 884 2227 cum
892 2193 987 2227 Fratribus

210 2241 310 2274 minoribus
318 2245 414 2273 conventus
423 2240 444 2273 de
459 2240 583 2274 Multifernam
590 2242 643 2274 Anno
652 2243 701 2279 recl,
709 2244 726 2272 et
740 2251 780 2272 cum
789 2239 869 2272 ministro
878 2238 987 2272 Provinciali

212 2286 242 2329 qui
257 2291 301 2318 tunc
315 2289 353 2318 erat
368 2290 387 2318 et
402 2284 559 2319 fratreRichardo
572 2286 689 2319 Killmorensi
697 2285 799 2328 Episcop03
813 2288 831 2316 et
843 2295 882 2317 cum
891 2285 987 2317 duceretur

211 2330 350 2370 Dublinium,in
362 2330 391 2363 via
401 2331 504 2364 vulneratus
516 2336 543 2364 est
559 2331 580 2364 ab
594 2331 684 2369 hereticis,
701 2331 744 2363 dum
759 2329 813 2373 aliqui
826 2329 912 2362 Catholici
921 2340 961 2362 eum
969 2329 987 2362 vi

211 2376 282 2409 auferre
291 2379 383 2414 conantur,
392 2380 409 2408 et
417 2375 497 2409 Dublinii
505 2376 523 2409 in
532 2388 603 2410 carcere
616 2380 698 2408 mortuus
706 2379 732 2408 est
738 2380 811 2418 martyr.
837 2374 921 2418 Sepultus
930 2379 957 2408 est
968 2374 987 2407 in

212 2421 274 2454 eodem
283 2420 378 2454 caemiterio
392 2422 418 2463 (S,
427 2421 506 2465 Jacobi.)
531 2433 589 2455 mense
600 2421 690 2462 Octobris,
703 2419 744 2453 anni
756 2419 870 2463 supradicti.¹’
895 2422 987 2463 Moonep's

212 2466 295 2500 Historia
310 2465 467 2511 Franciscana—p.
485 2469 512 2501 69.
538 2467 683 2511 Forapoemon
695 2465 726 2498 the
743 2470 816 2508 capture
830 2464 987 2506 chultifernam,

213 2523 241 2545 see
249 2511 319 2556 Duffy's
325 2510 372 2543 Irish
380 2511 461 2545 Catholic
475 2512 576 2557 Magazine,
583 2512 617 2546 vol.
628 2511 645 2544 ii.
655 2523 672 2555 p.
682 2512 711 2543 32.

235 2557 248 2600 †
261 2556 349 2590 Hibernia
354 2556 478 2598 Dominicana,
486 2569 503 2601 p.
513 2561 553 2592 559.

235 2606 246 2647 t
259 2604 342 2636 “Frater
357 2603 435 2636 Thomas
452 2602 561 2641 Giraldinus,
576 2600 649 2635 Ordinis
660 2598 718 2633 nostri
725 2599 837 2643 praedicator,
850 2604 868 2633 et
876 2600 906 2644 qui
914 2599 949 2632 fuit
954 2599 984 2632 ali-

214 2650 283 2693 quando
296 2649 426 2682 commissarius
434 2652 498 2688 nostrae
514 2648 615 2693 provinciae,
623 2645 715 2689 multaque
726 2645 772 2677 mala
785 2646 806 2679 ab
815 2645 897 2678 hereticis
905 2644 987 2689 pertulit,

213 2695 298 2727 diuturna
304 2693 444 2728 incarceratione
453 2707 458 2734 ;
470 2698 489 2726 et
495 2694 568 2727 tandem
573 2703 632 2725 mense
639 2691 695 2723 Junio
701 2690 723 2722 A.
731 2689 755 2722 D.
764 2691 814 2729 1617,
823 2690 899 2724 carceris
906 2690 987 2732 squalore

214 2740 310 2779 confectus,
319 2741 362 2773 obiit
370 2740 389 2773 in
401 2750 442 2772 arce
453 2738 575 2772 Dublinnense
581 2752 586 2779 ς
600 2742 618 2770 et
626 2736 679 2774 cives,
692 2736 786 2779 impetrato
799 2736 836 2779 ejus
849 2745 929 2778 corpore,
937 2746 987 2779 mag-

213 2795 254 2817 nam
263 2786 278 2818 ei
285 2796 368 2829 pompam
375 2784 468 2818 funebrem
480 2785 563 2817 fecerunt
578 2794 611 2828 per
618 2785 656 2814 tres
664 2780 692 2813 vel
706 2784 780 2825 quatuor
790 2782 833 2821 dies,
841 2791 877 2813 non
885 2780 922 2812 sine
931 2780 987 2813 admi..

213 2830 281 2863 ratione
290 2835 308 2863 ct
319 2830 439 2875 indigna-tione
455 2830 586 2868 haereticorum,
601 2827 631 2872 qui
638 2837 674 2859 non
682 2826 763 2859 valebant
770 2826 832 2871 populi
839 2825 925 2868 impedire
934 2825 987 2858 devo-

212 2875 285 2908 tionem.
311 2876 390 2908 Tandem
406 2875 424 2907 in
436 2875 497 2908 eodem
509 2873 605 2908 cremiterio
619 2871 648 2914 (S.
665 2870 735 2913 Jaccbi)
749 2871 802 2915 juxta
815 2870 897 2914 reliquias
909 2870 987 2915 episcopi

214 2919 337 2962 (O’Dubhenze
350 2919 446 2962 Dunensis)
460 2920 556 2954 honorifice
563 2917 641 2963 sepultus
648 2918 690 2951 est?
724 2917 801 2962 Mconey
810 2915 987 2958 HistFranciscana,
