2237 3535
257 416 297 454 230
390 417 525 458 o'snnnnvnur
539 430 640 458 nrsronrar
651 430 775 467 carrionem,
786 431 834 460 ron.
850 429 882 457 111.
935 417 986 470 [niu.
995 430 1031 458 rr.

252 535 314 562 suum
323 522 426 563 Rotherico
436 524 489 563 fratri
506 522 602 574 delegans,
612 536 656 562 oum
674 523 788 577 Raymundo
798 524 872 572 Burko,
883 526 902 563 et
911 522 955 563 aliis
965 523 1031 576 paucis

253 575 276 616 in
287 576 401 629 Hispaniam
411 576 518 617 subsidium
527 576 610 629 petitum
626 577 776 630 proficiscitur*
804 578 944 620 O’Sullevanus
953 578 1030 618 Mome-

255 632 298 672 nios
308 647 353 673 suos
363 636 382 672 et
392 632 490 684 Hispanos
501 633 512 672 t
522 630 616 672 Zubiaure
632 634 720 685 receptos
734 633 832 686 colligens,
843 633 961 678 Richardum
970 633 1029 673 Tirel-

253 686 301 736 lum,
313 686 469 740 Gulielmumque
484 687 578 727 Burkum.
589 686 684 741 stipendio
702 687 811 728 conducens
825 690 912 742 Anglum
921 691 1030 729 commeatu

253 742 353 795 prohibere
363 744 383 781 et
393 755 467 794 cogere,
483 745 507 782 nt
523 742 622 783 obsidione
638 742 708 791 soluta,
724 746 785 782 castra
794 743 896 797 relinquat,
907 742 1029 792 constituit,†

253 795 330 849 Aquilae
339 794 430 845 scribens,
441 810 466 838 ne
484 797 577 838 virtutem
596 811 651 838 suam
670 797 785 846 desentire
805 798 868 838 animo
889 799 970 848 deficiat,
989 811 1028 838 neu

253 850 346 904 oppidum
363 851 432 891 tradat.
462 850 648 905 CaeterumAquila
664 866 709 892 cum
724 852 780 893 hoste
796 852 858 893 fadus
873 856 993 907 percusserat
1008 867 1029 893 ea

251 904 368 955 conditione,
378 911 402 946 ut
412 905 448 946 sibi
464 906 530 947 liceret
545 921 590 947 cum
602 908 687 948 exercitu
697 921 738 956 suo,
749 910 768 947 et
777 906 835 948 rebus
845 908 936 949 omnibus
945 909 966 948 in
981 907 1028 948 His-

248 960 327 1013 paniam
336 960 405 1011 redire,
416 965 435 1001 et
445 962 541 1015 oppidum,
548 976 588 1002 non
604 962 685 1012 tradere,
696 962 756 1003 donec
765 963 848 1016 receptis
858 977 868 1002 a
883 976 965 1016 pretege
974 963 1027 1003 navi-

250 1014 292 1064 bus,
304 1019 323 1055 et
332 1015 403 1065 nautis,
414 1015 501 1066 solveret,
512 1016 562 1058 datis
578 1016 677 1058 obsidibus
686 1031 744 1058 naues
758 1031 825 1058 rursus
835 1017 966 1070 dimittendiss
994 1017 1027 1058 Ita

250 1069 323 1123 Aquila
336 1071 439 1111 revertitur
455 1072 603 1120 amissisinm
620 1073 741 1126 expeditione
757 1072 867 1126 quingentis
883 1072 987 1126 peditibus,
1006 1076 1026 1113 et

249 1124 320 1178 Anglis
329 1125 350 1165 in
360 1125 468 1167 Keansaliae
483 1130 560 1168 tantum
577 1126 686 1168 obsessione
702 1127 812 1168 desideratis
823 1127 904 1181 amplius
914 1132 958 1168 octo
968 1127 1025 1168 milli-

248 1179 291 1229 bus,
309 1181 343 1234 qui
358 1181 416 1230 ferro,
431 1181 487 1232 fame,
505 1182 581 1236 frigore,
597 1183 745 1236 pestilentiaque
758 1183 863 1236 perierunt.
893 1181 991 1223 O’Nellus
1006 1186 1025 1222 et

248 1234 363 1276 Rothericus
374 1235 478 1277 O'Donelli
484 1238 542 1278 frater
549 1237 654 1278 Momoniis
662 1237 732 1278 relictis
742 1238 763 1278 in
772 1238 841 1279 itinere
850 1241 932 1291 uterque
942 1237 1024 1278 alterum

247 1289 333 1331 dimittit.
363 1290 411 1331 O'N
411 1291 458 1332 ellus
467 1292 488 1332 in
498 1292 589 1333 Tironem
598 1294 706 1346 perventa}

576 1563 633 1604 GaP.
650 1563 687 1603 Xl.

465 1702 575 1735 Rothericus
584 1702 657 1747 Reginae
664 1700 796 1735 reconciliatur.

242 1821 375 1862 Romanarons
385 1835 431 1861 cnm
440 1821 514 1861 Lacum
529 1820 622 1861 Sindilem
638 1820 718 1861 Midhiae
728 1820 822 1875 oppidum
831 1821 1018 1874 praetergrederetur,

242 1876 334 1930 oppidani
353 1876 438 1930 opifices,
448 1880 467 1916 et
483 1877 589 1917 mechanici
605 1876 672 1929 Angli,
683 1881 703 1916 et
712 1875 854 1929 Anglo-Iberni
868 1877 986 1929 praesidiarii,
997 1883 1020 1917 ut

242 1931 367 1972 Rothericum
378 1937 489 1984 sequantur,
500 1945 558 1984 seque
567 1945 607 1971 rem
616 1931 692 1972 fortiter
702 1935 789 1985 gesturos
800 1930 922 1984 persuadent,
932 1935 952 1971 et
961 1932 1019 1972 fidem

240 1986 321 2027 liberare
330 1987 436 2040 cupientes,
444 1986 476 2027 alii
486 1986 573 2036 sudibuS,
584 1986 616 2026 alii
630 1986 705 2039 gladiis,
722 1986 753 2027 alii
769 1986 829 2027 hastis
846 1986 914 2026 annoti
930 1987 1019 2039 praelium

240 2042 340 2082 temerarie
355 2042 437 2082 incunt:
452 2042 464 2080 a
480 2041 580 2082 lictberici
596 2042 685 2095 equitatu
700 2041 767 2081 leviter
782 2041 877 2081 vulnerati
894 2041 950 2082 tacte
964 2047 1018 2095 terga

239 2101 324 2137 vertunt.
354 2096 460 2149 Fugientes
476 2096 498 2137 in
512 2110 598 2150 pugnam
615 2098 718 2143 restituere
732 2095 844 2149 praesidiarii
859 2095 973 2146 moliuntur,
983 2098 1017 2138 sed

238 2153 316 2205 utrique
326 2151 349 2192 ab
360 2152 448 2204 equitatu
457 2151 583 2192 circumuenti
593 2151 681 2192 delentur
690 2150 769 2192 ducenti
778 2150 858 2200 circiter,
870 2151 901 2191 vix
911 2152 1016 2205 sospitibus

239 2207 400 2258 cladisnuuoiis.ll

267 2262 382 2302 Rothericus
399 2261 479 2301 domum
493 2275 580 2302 reversus
597 2275 673 2301 menses
688 2260 762 2313 aliquot
777 2261 849 2301 ventris
865 2261 921 2301 fluxu
934 2260 1014 2302 laborat.

237 2317 319 2358 Interim
329 2317 378 2370 regii
388 2330 411 2356 en
421 2316 546 2357 Munimento
556 2319 685 2365 externorum,
700 2319 756 2364 terra,
766 2318 786 2354 et
796 2329 845 2368 aqua
857 2316 950 2357 facientes
960 2331 1015 2369 expe-

238 2373 330 2413 ditionem
340 2371 523 2412 Bealanthasanium
533 2371 633 2412 castellum
642 2370 718 2411 nemine
727 2369 841 2423 prohibente
854 2371 956 2412 obsidione
965 2372 1016 2412 cinc-

236 2432 280 2468 tum
289 2427 391 2467 tormentis
402 2426 487 2467 diruunt.
516 2426 592 2467 Tullius
601 2426 738 2474 O’Gallaobur,
749 2425 782 2478 qui
796 2426 894 2466 castellum
903 2440 949 2466 cum
958 2426 1014 2480 quin-

237 2483 330 2536 quaginta
339 2497 374 2522 sex
382 2481 465 2530 Ibernis,
477 2485 496 2522 et
506 2481 599 2536 Hispanis
617 2485 700 2536 quatuor
714 2480 798 2530 tenebat,
809 2480 843 2521 diu
851 2481 933 2530 fortiter,
944 2487 963 2521 et
973 2482 1014 2522 ani-

236 2538 289 2579 mose
298 2552 334 2591 pro
349 2551 407 2577 muro
421 2535 520 2587 dimicans,
531 2552 553 2578 eo
568 2538 607 2591 jam
617 2541 713 2591 prostrato
723 2549 768 2575 cum
781 2536 874 2577 militibus
884 2541 945 2577 noctu
955 2537 1012 2590 fugit,
1109 2571 1118 2591 ἱ

258 2684 266 2700 *
278 2681 328 2714 Four
337 2678 422 2715 Masters,
430 2688 447 2720 p.
458 2679 514 2718 22913
529 2678 593 2712 Pacata
601 2676 695 2714 Hibernia,
705 2675 739 2709 vol.
748 2676 766 2708 ii.
775 2687 793 2720 p.
803 2679 843 2710 424.

258 2730 268 2772 †
275 2726 304 2759 He
312 2734 347 2758 was
356 2723 452 2767 appointed
459 2722 482 2766 by
492 2722 592 2756 O'Donnell
600 2723 636 2756 and
643 2721 708 2755 O'Neil
715 2721 786 2765 general
792 2722 812 2755 of
816 2722 846 2755 the
855 2721 938 2755 Munster
946 2721 1009 2756 forces.

234 2777 285 2810 Four
294 2771 377 2806 urasrers,
386 2779 402 2811 p.
413 2769 464 2801 2291.
733 2775 736 2779 ’

258 2821 268 2862 ss
277 2818 311 2851 See
317 2815 347 2847 the
355 2813 433 2847 Anticles
442 2812 462 2845 of
470 2811 591 2856 Capitulntion
599 2813 617 2845 in
623 2812 654 2845 the
660 2811 727 2843 Pacata
736 2810 827 2845 Hibernia.
851 2811 893 2845 Don
901 2810 914 2844 J
914 2823 955 2852 nan,
963 2812 1010 2845 after

233 2866 260 2898 his
268 2868 330 2897 return
342 2864 361 2891 to
371 2858 430 2901 Spain,
438 2869 473 2890 was
487 2858 595 2902 imprisoned
608 2868 631 2890 cn
644 2856 675 2889 the
683 2857 783 2890 accusation
801 2857 822 2890 of
830 2857 860 2890 the
869 2855 916 2890 irisb
925 2857 1009 2902 fugitives

233 2910 292 2944 ..and
300 2904 407 2947 deservedly,
416 2902 433 2935 if
441 2902 509 2935 notior
518 2904 617 2946 treachery,
626 2906 646 2934 at
654 2901 699 2934 least
708 2900 735 2935 for
743 2913 793 2947 gross
802 2902 906 2946 incapacity.

256 2956 266 2996 ᾗ
277 2954 327 2987 Four
336 2949 421 2986 trasceas,
430 2959 446 2991 p.
454 2949 505 2984 2327.

256 3002 262 3044 tt
276 2999 314 3032 Not
322 2993 409 3027 recorded
417 2993 440 3036 by
448 2993 478 3025 the
486 2993 536 3026 Four
546 2993 629 3027 Mastcrs.

1114 1758 1119 1783 t

1114 1785 1119 1823 p

1113 1822 1119 1862 t

1112 1884 1118 1934 i

1112 1935 1118 1988 t}
