2237 3535
271 406 311 446 lta
413 409 546 447 o'sumnvaur
556 417 658 445 nrsronnn
669 418 798 457 carHomcAE,
808 419 854 447 ron.
865 420 902 446 rn:
949 398 999 459 [nia.
1015 420 1044 449 rr.

268 516 302 556 nio
312 516 372 557 fuisse
381 515 492 570 praedictum
503 528 525 554 eo
534 513 554 553 in
564 513 607 554 loco
619 513 732 555 haereticum
741 516 800 557 fuisse
808 516 956 571 profligandum,
967 521 987 557 et
995 531 1044 571 prae*

269 572 377 612 sensionem
387 570 475 611 lbernico
485 573 545 609 metro
560 570 655 621 prolatam
663 569 685 609 in
694 568 744 610 libro
755 570 895 612 divinationum
905 572 965 613 sancti
979 576 1043 613 osten-

269 625 334 666 disset.
365 625 408 669 Qua
417 624 540 664 confirmatus
550 623 646 665 O'Nellus
656 623 681 664 ad
688 637 775 677 pugnam
782 640 826 666 suos
836 627 872 668 hac
882 627 967 669 oratione
976 627 1043 668 cohor-

267 684 297 721 tat
322 710 326 720 .

296 734 372 779 “Quod
382 733 393 773 a
402 733 444 773 Deo
455 732 535 785 Optimo
540 732 628 773 Maximo
639 733 685 788 (viri
694 733 858 785 Christianissimi,
867 740 924 789 atque
933 737 1040 790 fortissimi)

265 790 344 830 summis
359 788 447 842 precibus
463 802 514 841 saepe
530 787 639 841 petitimus,
656 793 714 842 atque
732 789 872 839 contendimus,
882 791 908 840 id,
925 799 944 832 et
960 792 1041 846 amplius

265 846 322 885 etiam
331 844 387 884 hodie
398 843 463 883 divino
473 842 556 896 quodam
566 857 645 884 munere
655 858 721 884 sumus
732 844 819 884 assecuti.
834 844 864 885 Ut
873 860 928 899 pares
937 846 1040 900 aliquando

263 914 308 940 cum
322 897 476 939 Protestantibus
492 897 631 946 dimicaremus,
648 898 719 948 Deum,
729 903 786 952 atque
796 899 874 949 coelites,
885 914 964 955 semper,
975 917 1040 943 exora-

262 968 311 994 mus.
341 953 388 994 Huc
404 953 499 993 orationes
514 956 595 1001 nostras,
612 953 651 993 huc
667 957 711 994 vota
727 953 851 994 intendimus.
882 955 926 995 Jam
941 957 1041 998 veronen

261 1009 318 1049 modo
328 1023 390 1062 pares,
400 1008 433 1049 sed
443 1008 500 1047 etiam
509 1007 574 1062 plures
583 1021 664 1048 numero
678 1022 751 1049 sumus.
781 1008 845 1062 lgitur
855 1010 889 1063 qui
898 1013 997 1063 pauciores
1006 1026 1039 1066 ag-

260 1064 313 1104 mina
329 1064 417 1104 haeretica
432 1063 516 1112 fudistis,
536 1062 607 1103 eisdem
617 1063 681 1116 plures
691 1063 798 1104 obstabitis.
827 1063 872 1117 Ego
883 1065 959 1117 quidem
969 1068 1040 1107 nonin

260 1119 342 1159 exanimi
358 1119 484 1171 cataphracta,
494 1132 534 1158 nou
542 1117 564 1157 in
573 1122 713 1158 tormentorum
730 1119 783 1159 inani
798 1118 870 1168 sonitu,
881 1120 944 1160 sedin
955 1121 1009 1170 rixis,
1019 1126 1039 1162 et

258 1173 360 1227 intrepidis
379 1173 446 1213 animis
463 1173 560 1213 constituo
574 1173 680 1213 uictoriam.
709 1173 835 1223 Mementote,
850 1174 925 1227 quoties
935 1174 1038 1216 nobiliores

258 1229 322 1278 duces,
332 1228 413 1281 majores
429 1227 499 1281 copias,
510 1232 529 1268 et
538 1228 603 1281 ipsum
619 1229 677 1268 etiam
692 1228 799 1282 Bagnalern
814 1229 878 1269 minus
894 1231 961 1282 parati,
973 1235 992 1270 et
1002 1231 1037 1271 'in-

257 1284 326 1324 structi
335 1283 475 1336 superaveritis.
504 1283 565 1335 Angli
581 1296 616 1322 nec
626 1283 696 1333 animo,
707 1298 744 1324 nec
752 1284 830 1332 virtute,
840 1298 876 1324 nec
885 1283 985 1336 praeliandi
992 1300 1037 1327 con-

256 1340 327 1379 stantia
336 1339 414 1379 fuerunt
423 1350 509 1392 unquam
519 1352 564 1378 cum
573 1337 649 1378 ibernis
660 1338 776 1379 conferendi.
806 1338 846 1382 Qui
855 1339 900 1378 verb
915 1338 981 1380 Iberni
991 1355 1036 1381 con-

256 1400 286 1434 tra
295 1409 329 1435 ros
339 1393 448 1434 dimicaturi
463 1397 515 1442 sunt,
526 1392 629 1433 Catholicae
644 1393 690 1434 fidei
699 1398 821 1448 oppugnatae,
832 1394 862 1434 sui
879 1394 961 1444 sceleris,
978 1399 1036 1449 atque

256 1449 369 1502 schysmatis
388 1448 505 1489 conscientia
519 1448 704 1489 consternabuntur:
727 1450 793 1489 eadem
807 1448 906 1489 Oatholica
924 1449 962 1489 fide
981 1451 1035 1491 vobis

255 1504 305 1544 vires
315 1507 410 1558 augente:
426 1503 458 1543 hic
474 1502 601 1543 Christianam
611 1503 730 1556 religionem,
740 1504 827 1557 patriam,
837 1503 913 1552 liberos,
923 1518 993 1545 uxores
1003 1505 1035 1547 de-

255 1559 382 1600 fendendum.
411 1557 451 1598 Hic
467 1557 543 1611 Bagnal
552 1558 686 1598 hereticorum
693 1560 781 1598 omnium
790 1560 893 1599 acerrimus
903 1565 965 1599 vester
974 1561 1036 1601 hostis

255 1615 325 1667 quiin
341 1613 392 1654 bona
408 1616 471 1653 restra
485 1614 579 1666 impetum
596 1613 647 1662 iacit,
659 1613 692 1666 qui
706 1618 793 1654 vestrum
810 1614 923 1666 sanguinem
938 1615 985 1664 sitit,
1001 1617 1035 1668 qui

252 1683 317 1709 meum
327 1669 421 1709 honorem
430 1672 536 1721 oppugnat,
545 1667 609 1707 debito
618 1668 711 1722 supplicio
722 1668 838 1709 afficiendus.
854 1668 893 1708 Hic
902 1668 1035 1710 ulciscendum

252 1723 335 1764 dedecus
345 1723 399 1772 illud,
410 1722 468 1776 quod,
480 1736 516 1774 ego
526 1722 578 1775 apud
587 1723 692 1763 Tumulum
707 1723 781 1764 Album
790 1723 854 1776 accepi
864 1723 876 1762 a
885 1723 971 1776 Bagnale
980 1730 1034 1776 parte

251 1782 359 1819 castrorum
375 1778 453 1831 ejectus.
483 1776 523 1817 Hic
539 1791 590 1817 mors
601 1777 755 1818 commilitonum
765 1786 878 1827 nestrorum,
889 1791 937 1830 quos
946 1779 968 1819 in
977 1779 1033 1820 Port-

250 1834 309 1874 moris
324 1833 468 1886 oppugnatione
484 1832 588 1881 amisimus,
603 1832 725 1882 vindicanda,
736 1837 755 1873 et
765 1847 797 1873 arx
811 1833 858 1886 ipsa,
870 1845 927 1885 quam
938 1833 973 1873 diu
982 1835 1033 1875 obsi-

249 1889 305 1938 detis,
322 1888 369 1928 dum
385 1902 427 1928 eam
442 1890 550 1927 commeatu
566 1887 701 1936 intercluditis,
712 1888 847 1941 expugnanda.
878 1887 916 1927 Hic
926 1887 1032 1931 obtinenda

248 1945 334 1993 victoria,
346 1956 404 1997 quam
412 1942 467 1982 vobis
476 1941 573 1982 Dominus
582 1941 630 1982 Divi
638 1942 707 1983 Ultani
716 1942 840 1996 praedictione
849 1941 957 1995 pollicetur.
977 1944 1031 1998 Ergo

185 1999 311 2051 [153.]Deo,lt
323 1997 450 2051 caelicolisque
458 1996 570 2050 juvantibus
580 2011 620 2038 rem
630 1997 717 2038 faeliciter
726 1998 807 2052 gerite.'’
837 1997 910 2038 Contra
918 1997 995 2052 Bagnal
1003 2001 1031 2040 ita

249 2068 294 2095 suos
305 2053 414 2107 alloquitur.

277 2108 418 2149 “Fortitudine
426 2110 494 2156 vestra,
503 2106 641 2148 commilitones
651 2106 778 2156 invictissimi,
788 2108 856 2155 fretus,
867 2121 901 2147 vos
911 2107 959 2147 mihi
969 2109 1030 2149 socios

248 2164 304 2218 elegi,
319 2164 383 2213 rudes,
400 2167 458 2215 atquc
475 2162 553 2215 ignaros
569 2162 590 2201 in
606 2163 699 2215 praesidiis
711 2162 836 2210 constituens,
847 2167 866 2201 et
876 2161 926 2201 fec'es
936 2164 1028 2214 omnium,

247 2220 335 2260 homines
352 2217 457 2259 imbecillos
474 2216 571 2257 Urmonio
589 2216 659 2257 Comiti
668 2217 785 2270 relinquens,
796 2230 879 2268 quorum
888 2217 964 2268 ignavia
973 2233 1028 2272 aequo

247 2275 303 2315 illum
317 2288 358 2314 rem
374 2272 422 2314 faede
440 2276 540 2325 gesturum
556 2272 630 2325 putari,
641 2286 663 2312 ac
672 2272 720 2312 mihi
730 2271 808 2325 promisi
818 2270 920 2323 gloriosam
929 2271 1029 2314 victoriam

247 2344 306 2384 opera
321 2333 385 2370 restra
400 2327 541 2381 reportandam.
571 2325 596 2367 ld
612 2340 696 2380 namque
713 2332 780 2366 restrae
790 2326 958 2378 magnanimitatis
970 2332 1028 2383 atque

247 2385 324 2426 virtutis
340 2382 448 2438 periculum
464 2396 537 2436 semper
554 2381 597 2431 feci,
607 2385 630 2422 ut
639 2395 680 2422 non
689 2381 762 2435 possim
771 2394 811 2420 non
820 2381 919 2435 concipere
929 2382 1027 2424 hodierna

246 2440 333 2481 natoriae
343 2453 397 2492 spem
406 2437 540 2487 indubitatam,
555 2441 614 2490 atque
628 2436 761 2478 certissimam.
788 2434 858 2489 Neque
869 2436 930 2485 credo,
942 2438 990 2490 quin
999 2439 1026 2479 fa-

246 2495 281 2536 tali
291 2494 373 2549 quadam
382 2493 479 2533 felicitate
488 2496 518 2532 tot
527 2506 582 2533 casus
596 2492 691 2541 adversos,
702 2496 733 2531 tot
743 2490 856 2539 discrimina,
866 2491 974 2532 incolumes
984 2507 1026 2534 eva-

246 2551 314 2600 seritis,
324 2554 348 2589 ut
357 2548 414 2589 hodie
423 2546 486 2588 fauste
495 2547 589 2588 vincendo
597 2551 658 2588 totam
664 2546 724 2587 vitam
731 2545 828 2596 decoretis,
835 2546 1027 2601 commilitonumque

245 2610 354 2646 vestrorum
363 2604 375 2644 d
383 2602 493 2652 rebellibus,
504 2606 561 2656 atque
571 2603 649 2656 perfidis
659 2601 738 2642 adversa
744 2601 821 2641 fortuna
830 2601 921 2650 Norrisis,
932 2605 952 2641 et
961 2602 1025 2643 Buru-

246 2661 281 2714 ghi
297 2664 440 2715 peremptorum
453 2662 534 2698 mortem
549 2657 676 2698 ulciscamini.
707 2654 773 2699 Quid?
802 2656 909 2697 Audebunt
924 2670 949 2696 ne
961 2656 1025 2699 insani

246 2729 324 2770 corpore
334 2714 387 2756 nudo
397 2728 442 2754 cum
451 2713 534 2762 armatis,
545 2727 590 2754 cum
599 2713 646 2753 viris
658 2711 748 2765 corporis,
759 2714 778 2750 et
787 2711 845 2752 animi
854 2710 923 2752 robore
932 2716 1024 2765 praestan-

245 2771 324 2811 tissimis
341 2769 438 2822 congredi.
467 2767 551 2808 Demens
562 2782 598 2821 ego
615 2768 658 2816 sim,
669 2767 685 2806 si
696 2770 819 2820 conspectum
833 2776 919 2807 vestrum
929 2768 1024 2808 sustinue-

246 2827 291 2875 rint,
302 2829 321 2866 et
330 2825 369 2865 nisi
377 2823 434 2865 hodie
443 2826 505 2864 totam
520 2822 622 2864 Ultoniam
636 2821 672 2862 sub
685 2821 756 2874 jugum
764 2821 851 2871 mittatis,
861 2824 961 2874 totamque
971 2822 1025 2863 lber-

247 2881 299 2920 niam
317 2881 388 2934 reginae
402 2879 503 2932 subigatis,
513 2878 588 2932 ipsique
602 2878 682 2930 ingente
696 2875 760 2929 praeda
769 2876 876 2929 potiamini.
905 2875 1026 2919 Mementote

247 2938 314 2975 vestrae
324 2934 406 2984 virtutis,
417 2934 452 2987 qui
461 2948 492 2973 me
509 2933 558 2973 duce
567 2932 682 2973 Ardmachae
693 2945 749 2985 opem
758 2931 835 2983 tulistis,
846 2930 930 2971 O'Nello
940 2946 980 2973 non
989 2935 1025 2974 mi-

247 2990 299 3030 nima
308 2994 362 3042 parte
371 2987 481 3029 castrorum
487 2988 511 3028 ad
520 2987 626 3027 Tumulum
642 2986 715 3026 Album
732 2991 795 3028 exuto.
824 2986 857 3027 Ad
874 3000 980 3040 vesperum,
991 2990 1025 3042 qui
