2237 3535
229 413 254 453 88
369 418 502 455 o'sunuuvani
512 427 613 456 uisnounu
624 429 751 470 clinnouiciu,
762 434 808 464 rou.
818 438 842 465 n.
903 427 951 479 [mn
967 440 1000 467 111.

226 522 272 564 fecti
282 539 292 564 a
303 525 398 565 Sericato:
414 524 473 565 altera
488 524 602 575 Anglorum.
630 525 722 580 Namque
738 529 811 572 Prorex
820 535 897 588 Anglus
907 537 999 577 trienno-

226 578 270 619 dam
286 579 367 621 Comitis
384 578 473 619 Killdarii
489 578 616 631 municipium
632 579 714 623 obsidet.
742 582 771 624 Ut
781 586 901 630 ohsidionem
918 592 998 632 solveret

225 633 322 675 Seucatus
338 648 377 675 sese
393 633 478 687 parabat.
506 632 587 674 Interim
606 635 654 676 arcis
669 638 771 690 praefectus
780 640 802 680 iu
812 641 929 686 deditionem
938 648 997 697 venit,

224 702 315 743 magnam
330 689 416 742 pecuniae
433 701 527 728 summam
543 692 618 742 pactus.
646 690 726 732 Deditio
736 692 808 735 Protea
817 700 919 750 pecuniam
928 716 997 754 reprae-

224 745 294 784 sentari
309 744 390 792 incitet
405 742 440 782 ubi
456 743 557 796 pecuniam
572 745 651 798 accepit,
667 747 731 800 ipsum
747 750 813 790 statim
826 751 882 804 jubet
899 757 996 808 suspendi,

223 799 277 851 quasi
286 799 314 840 ita
322 798 379 838 fidem
387 800 479 840 tueretur.
500 797 590 851 Denique
596 799 692 841 Sericatus
698 817 742 842 cum
746 803 994 861 Protegeincolomitatem,

222 857 241 893 et
259 853 392 906 impunitatem
410 852 513 906 pollicente
532 853 593 894 faedus
612 854 655 895 init.
683 856 722 897 vn
737 863 801 899 tamen
821 863 877 902 armis
897 864 994 917 depositis,

221 908 261 961 ejus
271 907 348 949 arbitrio
359 921 378 947 se
387 907 480 960 permisit,
491 922 535 948 cum
545 908 566 948 iu
575 909 668 962 Angliam
676 912 717 951 una
724 927 768 953 oum
777 915 868 958 fratribus
877 918 940 959 tribus
949 921 994 960 mit-

220 964 268 1003 titur
277 964 379 1016 impositus
387 963 409 1002 in
424 963 489 1003 navim
506 976 549 1016 quae
558 963 663 1005 vocabatur
678 981 740 1007 vacca.
770 970 825 1011 'lunc
835 972 954 1014 intellectum
964 980 993 1016 est

218 1018 320 1067 somnium,
343 1017 394 1070 quod
410 1018 471 1058 fertur·
486 1019 590 1059 somniasse
606 1018 699 1061 Kildan'ae
715 1021 817 1066 Comitissa
833 1028 856 1067 et
871 1033 934 1078 nocte,
955 1045 994 1084 qua

218 1073 325 1113 Sericatum
334 1072 400 1121 edidit,
417 1072 505 1113 sciuisse
520 1074 597 1114 enixam
611 1074 667 1124 filios,
678 1080 697 1116 et
712 1077 748 1117 hos
762 1085 830 1121 ventre
839 1097 902 1123 vaccae
912 1084 961 1125 latos
971 1086 993 1126 iu

215 1128 313 1180 Angliam,
323 1142 359 1168 nec
369 1127 451 1181 amplius
468 1142 565 1169 reversos:
581 1143 626 1169 uam
636 1130 658 1170 eo
669 1145 714 1171 cum
729 1139 829 1185 venerunt,
840 1138 919 1178 iueramt
929 1141 991 1193 capite

214 1181 271 1235 pleni.
288 1183 387 1236 Similique
404 1184 463 1236 poeutt
476 1183 549 1224 Prorex
558 1183 642 1234 affectus,
653 1187 762 1239 postulatus
772 1203 794 1229 eo
805 1192 890 1241 crimine,
901 1194 952 1246 quod
961 1196 982 1236 iu

211 1237 278 1289 jussus
287 1238 424 1291 impunitatem
439 1238 477 1279 illis
492 1239 607 1293 promisciit,
618 1240 651 1280 sed
666 1256 691 1282 an
700 1242 784 1295 injussus
795 1245 816 1285 id
825 1247 897 1296 iecerit,
909 1248 990 1290 dubium

213 1297 248 1333 est.
278 1293 365 1346 Sospites
374 1297 422 1334 tuno
432 1297 485 1334 erant
495 1308 519 1334 ex
528 1294 604 1335 comitis
613 1294 684 1344 liberis
702 1297 747 1347 duo,
756 1298 858 1341 Edvandus
875 1308 924 1343 natu
932 1305 989 1345 mini-

212 1361 261 1397 mus,
272 1349 307 1401 qui
316 1349 338 1388 iu
347 1348 419 1401 Angue
429 1348 503 1402 agebat,
513 1352 533 1389 et
544 1348 639 1399 Giraldus,
651 1353 685 1403 qui
694 1366 741 1405 puer
758 1355 851 1406 occultus,
862 1361 881 1397 et
891 1363 989 1411 protectus

212 1417 224 1441 a
240 1403 342 1457 Dermysio
360 1403 502 1444 O’Suflevanot
518 1418 553 1445 avo
570 1418 612 1444 meo
629 1405 706 1447 Beamae
720 1407 810 1464 Principe
826 1417 894 1465 postea
903 1415 956 1454 venit
966 1416 987 1456 in

212 1457 289 1498 Italiam
298 1476 301 1498 ι
318 1462 337 1498 et
346 1459 447 1499 transactis
457 1459 529 1513 aliquot
539 1460 595 1500 anuis
604 1462 687 1514 acceptis
695 1462 764 1504 litteris
774 1479 785 1504 a
794 1465 888 1508 Pontifice
895 1468 987 1520 Maximo,

212 1512 325 1566 Magnoque
341 1513 389 1553 duce
406 1513 504 1555 Hetruriae
514 1515 538 1555 ad
555 1515 637 1555 Mariam
655 1516 749 1570 Reginam
765 1520 889 1573 Catholicam,
905 1523 986 1565 Henrioi

210 1568 276 1620 patris,
288 1574 308 1608 et
324 1568 409 1609 Eduardi
425 1569 488 1609 fratris
505 1569 581 1609 obitum
597 1570 674 1624 Angliae
684 1578 758 1625 sceptro
768 1576 856 1628 potitam,
867 1583 886 1618 et
896 1578 986 1634 Philippo

210 1622 299 1663 Secundo
311 1622 451 1677 Hispaniarum
461 1624 546 1677 Principi
558 1626 680 1666 matrimonio
687 1627 807 1679 collocatum,
816 1631 840 1671 ab
850 1634 872 1672 eta
881 1633 902 1672 in
911 1639 985 1686 purtem

208 1678 352 1730 possessionum
366 1678 481 1719 restituitur.
511 1679 585 1719 Giraldi
601 1679 672 1721 Comiti
687 1687 763 1723 mortuo
779 1686 863 1738 primum
881 1687 984 1738 Hennaeus,

209 1732 254 1772 inde
265 1732 373 1772 Gulielmus
381 1733 417 1773 filii
426 1738 565 1774 successerunt.
596 1733 672 1778 Quibus
679 1737 735 1777 etiam
742 1739 782 1779 vitta
788 1740 883 1782 defunctis
895 1743 984 1784 Giraldus

208 1786 293 1828 Eduardi
309 1787 359 1827 filius
373 1788 418 1841 jure
432 1789 557 1829 successionis
572 1792 657 1839 vocatur,
668 1792 707 1843 qui,
717 1795 803 1845 quamvis
813 1810 824 1835 a
834 1798 916 1848 pueritit
925 1799 983 1839 luent

208 1842 310 1883 Haereticis
320 1842 416 1883 erroribus
425 1843 450 1883 ab
459 1843 529 1897 Anglis
544 1843 630 1884 imbutus
641 1844 677 1885 suh
688 1854 768 1888 mortem
779 1850 803 1889 ad
812 1850 869 1892 fidem
880 1867 983 1894 conversus

208 1904 242 1938 est.
272 1897 321 1951 Ejus
331 1897 381 1938 lilius
391 1913 440 1952 puer
450 1898 542 1939 Kildariae
552 1913 614 1939 comes
622 1903 651 1939 est
662 1900 718 1942 hodie
728 1917 799 1957 sospes.

534 2187 591 2228 CAP.
606 2188 643 2229 vt.

447 2293 476 2326 De
486 2293 609 2333 O'Conchure,
618 2300 636 2328 et
647 2294 738 2328 O'Morra.

200 2379 226 2421 Iu
241 2382 278 2421 hoc
295 2380 352 2421 etiam
369 2379 443 2421 bellurn
459 2381 607 2435 oonspiraunitt
625 2380 742 2422 O'Conchur
755 2381 974 2434 Iphuliae,etO'Mor1·a

199 2434 256 2476 Lisiae
266 2436 369 2489 principes,
380 2435 451 2489 aliique
459 2436 547 2490 Lageuii,
555 2437 588 2490 qui
597 2452 637 2478 non
643 2437 697 2491 prius
704 2450 761 2485 arma)
769 2436 904 2490 deposuerunt,
916 2439 974 2492 quiam

198 2491 274 2532 veniam
284 2496 330 2532 sunt
339 2492 391 2545 pacti
401 2491 422 2531 in
432 2492 540 2544 Anglorum
549 2496 666 2546 potestatem
675 2505 715 2531 non
724 2492 828 2533 venientes.

220 2603 227 2619 *
241 2601 300 2635 When
309 2601 376 2636 Gerald
384 2613 420 2635 was
429 2601 471 2635 vvith
479 2602 506 2635 his
515 2606 564 2641 aunt,
575 2601 606 2634 the
619 2601 683 2634 widotv
692 2600 712 2633 of
717 2600 814 2645 M‘Gnrthy
823 2600 894 2646 Reagh
907 2600 971 2635 O’Sul-

197 2644 249 2686 livam
257 2647 293 2680 like
301 2648 362 2692 nearly
370 2647 394 2680 all
402 2646 433 2680 the
441 2646 489 2680 Irish
497 2647 598 2686 chieftains,
607 2646 721 2679 contributed
730 2647 764 2688 (vve
771 2657 811 2690 may
818 2646 895 2688 believe)
903 2649 921 2677 tc
929 2657 971 2690 pro-

197 2694 234 2724 tect
242 2692 287 2725 him:
300 2693 333 2725 but
341 2704 363 2726 no
373 2692 424 2726 other
433 2692 523 2737 authority
532 2695 619 2725 warrants
627 2691 658 2723 the
666 2690 767 2734 pretension
776 2690 815 2724 that
825 2691 928 2725 O’Sullivan
935 2702 970 2725 uras

196 2734 223 2768 his
232 2737 382 2781 ohiefproteotor.
409 2737 442 2771 See
449 2736 519 2777 Moore,
526 2737 562 2770 vol.
571 2736 596 2769 iii.
605 2747 623 2780 p.
631 2735 672 2771 270.

218 2795 281 2838 †Yes,
289 2798 324 2830 and
331 2797 405 2842 thereby
413 2797 495 2831 involved
508 2795 613 2830 themselves
627 2795 646 2827 in
655 2794 716 2839 deadly
724 2806 766 2834 wan,
775 2793 834 2829 which
841 2793 897 2837 raged
905 2793 970 2829 almost

195 2839 271 2873 without
278 2842 399 2875 intermission
408 2842 472 2887 during
480 2853 531 2875 more
540 2841 583 2874 than
598 2839 645 2884 sixty
658 2850 713 2883 yreaas.
738 2840 768 2873 No
777 2838 856 2873 counties
871 2837 889 2870 in
897 2837 969 2874 Iraland

195 2896 241 2917 were
249 2897 298 2918 more
306 2887 365 2932 dearly
374 2888 475 2932 purchased
482 2888 505 2932 by
513 2887 545 2920 the
553 2884 631 2930 English
645 2890 761 2929 government
767 2885 809 2918 than
823 2883 853 2916 the
862 2881 924 2928 King’s
933 2887 968 2919 and

196 2930 272 2969 Queen's
281 2932 366 2965 counties.
388 2932 442 2965 Even
449 2933 479 2965 the
488 2931 587 2965 occasional
595 2930 663 2963 notiees
672 2930 692 2963 cf
697 2930 727 2962 the
735 2930 800 2964 battles
809 2929 829 2962 of
833 2928 863 2961 the
873 2927 968 2964 O'Moores

193 2976 229 3008 and
238 2975 343 3009 O'Gonncrs
350 2976 379 3010 for
387 2978 438 3009 these
446 2981 480 3010 tvo
489 2976 575 3017 counties,
584 2974 643 3009 would
655 2975 716 3019 supply
729 2980 748 3009 to
763 2975 794 3010 the
807 2979 849 3019 poet
860 2984 880 3007 or
894 2973 923 3007 the
932 2975 966 3009 his-

192 3021 257 3060 terion,
267 3032 300 3054 one
309 3021 330 3053 of
335 3021 364 3054 the
373 3026 419 3054 most
428 3022 508 3065 thrilling
517 3021 596 3066 episodes
604 3020 622 3053 in
631 3019 679 3053 Irish
687 3024 740 3065 story.
