2237 3535
242 412 286 452 xxvi
543 425 608 453 mnnx
618 425 714 453 cimirun.

291 567 346 601 CAP.
386 568 412 601 Π.
427 567 512 603 O'Nellns
521 572 538 600 et
546 566 610 601 Non-is
623 567 645 600 ad
655 566 731 600 Pratum
739 566 793 602 fontis
800 568 877 613 primum
885 569 935 614 signa

450 613 544 647 conferunt
557 618 575 646 et
589 612 715 646 Muniohanum
728 612 817 647 Catholici
828 614 846 647 in
860 614 934 648 deditio-

451 669 491 692 nem
499 658 588 701 accipiunt
634 681 638 690 .

374 702 411 737 ΠΙ,
425 704 446 737 In
455 704 559 738 Connachta
567 703 610 736 duas
618 713 667 735 arces
675 676 738 747 Anglii
748 680 839 748 ademptas
847 679 942 739 Catholici¹

450 752 523 781 tuentur
630 766 638 775 -
729 768 737 775 -
830 771 837 778 .
927 770 936 779 .

376 792 409 825 IV*
423 792 516 826 Russellus
530 803 595 836 prorex
609 795 627 825 et
642 791 707 825 Norris
723 802 764 825 cum
781 792 856 828 C’Nello
872 805 935 839 parum

449 848 534 882 prospere
542 837 632 871 dimicant.
648 836 758 882 Binghamus
767 837 868 883 Sligacham
876 850 935 873 arcem

449 882 514 915 acriter
520 881 595 927 quidem,
603 881 671 915 frustra
677 886 737 916 tamen
744 888 835 927 oppugnat
926 903 935 912 ι

387 927 410 959 V.
423 926 478 971 Regii
486 938 527 960 cum
541 926 637 961 Catholicis
651 927 672 960 cle
685 938 728 972 pace
741 933 804 972 agimt,
816 928 936 963 Ardmacham

449 977 543 1016 occupant,
551 983 591 1005 cum
600 971 675 1006 O'Nello
683 972 740 1005 minus
748 973 825 1007 secunde
833 974 941 1007 contendunt

373 1016 407 1049 Vl.
421 1015 448 1049 Ne
456 1028 491 1061 pax
496 1017 566 1050 ineatur
572 1016 648 1061 Hispani
655 1016 709 1062 legati
716 1017 819 1061 prohibent:
826 1019 933 1053 Ardmachae

449 1062 550 1106 presidium
558 1061 616 1095 Divus
624 1062 710 1096 Patritius
717 1062 762 1095 mire
770 1063 833 1107 affligit

363 1105 408 1139 VII.
423 1106 509 1141 O'Nellus
518 1112 634 1141 commeatum
641 1107 747 1141 Ardmachoe
754 1108 828 1141 missum
835 1108 933 1152 intercipit:

447 1152 558 1196 praesidiaros
566 1152 632 1186 multos
640 1157 784 1196 stratagemmate
792 1153 874 1196 perimit:
886 1153 934 1187 Ard-

446 1198 528 1231 macham
536 1198 554 1230 in
567 1197 674 1232 deditionem
686 1197 756 1242 accipit.
780 1197 886 1231 Carlinnum
898 1208 935 1231 cas·

445 1242 509 1276 tellum
516 1253 578 1286 capere
584 1242 653 1277 frustra
659 1247 716 1276 tentat

352 1285 407 1320 VHL
421 1287 486 1320 Norris
506 1287 626 1322 Ardmacham
644 1287 720 1322 secundo
733 1292 819 1333 occupat:
838 1287 934 1321 Norrisum

451 1333 579 1366 munimentum
595 1332 665 1366 condit:
685 1337 781 1378 utrumque
798 1332 874 1366 amittit:
895 1342 935 1366 cum

454 1377 530 1411 O'Nello
538 1377 614 1411 infauste
621 1383 690 1423 pugnat
731 1398 739 1406 -
928 1398 935 1405 -

333 1443 335 1447 ·
370 1422 406 1456 IX.
419 1422 485 1455 Norris
492 1423 511 1456 in
520 1423 623 1457 Connachta
630 1434 671 1457 cum
681 1423 778 1457 O'Donello
786 1424 808 1457 de
815 1434 858 1467 pace
865 1422 935 1456 frustra

448 1468 492 1512 agit,
501 1472 520 1501 et
526 1469 592 1501 bellum
599 1468 643 1502 nihil
651 1468 694 1502 felir
700 1469 747 1513 gerit

383 1512 408 1545 X.
421 1512 507 1557 Lageniae
519 1524 548 1546 res
561 1513 629 1558 aliquot
641 1518 767 1547 memorantur⁴
797 1512 878 1547 Norrisis
893 1523 934 1557 pro-

447 1558 516 1602 digiosa
522 1569 569 1591 mors
627 1578 634 1586 ·
724 1579 732 1587 -
825 1579 832 1586 ·
924 1578 931 1584 ·

370 1601 406 1635 XI.
419 1602 518 1647 Burughus
524 1614 590 1648 prorex
598 1608 616 1636 et
624 1603 716 1637 Kildarius
724 1614 782 1637 comes
788 1609 829 1636 cuin
837 1602 933 1636 Catholicis

446 1648 522 1682 adverso
529 1653 587 1682 marte
595 1648 661 1682 bellum
668 1652 733 1693 gerunt

483 1787 554 1829 ΤΟΜΙ
568 1788 610 1829 ΠΙ.
625 1787 710 1830 LIBER
723 1786 762 1829 IV.

453 1921 480 1948 DE
489 1921 554 1949 BELLO
564 1922 683 1952 QUINDECIM
692 1921 801 1950 ANNORUM.

393 2026 409 2059 Ι.
422 2025 513 2060 Henrious
521 2026 590 2071 Bagnal
598 2026 703 2061 Ardmachae
709 2026 745 2060 fert
751 2036 803 2071 opem
813 2024 854 2058 etin
863 2022 936 2059 O'Nelli

328 2073 330 2075 ’
448 2075 507 2104 castra
514 2071 557 2105 facit
565 2073 650 2117 impetum
729 2091 737 2099 ·
828 2091 835 2097 -
927 2088 934 2095 ·

381 2116 408 2151 II.
419 2116 482 2161 Rupis
489 2116 581 2161 Fargusiae
590 2117 635 2151 arcis
650 2117 744 2162 praefectus
759 2114 830 2159 Anglus
838 2125 849 2147 a
858 2113 935 2147 Clinniae

448 2161 528 2206 principe
539 2162 655 2201 interimitur,
661 2166 680 2194 et
689 2161 780 2197 Barnabal
786 2159 891 2193 Midhiensis
900 2158 936 2191 dux

447 2206 508 2240 aMac
516 2207 605 2253 Magauno
613 2207 693 2240 funditur
727 2227 734 2234 -
771 2244 779 2248 Ἴ,
924 2224 931 2230 -

370 2252 408 2286 ΙΙΙ,
422 2252 538 2285 Portmorem
551 2263 611 2285 arcem
620 2251 711 2290 O'Nellus,
720 2255 738 2284 et
747 2249 855 2284 O’Donellus
866 2248 935 2282 frustra

452 2302 559 2341 oppugnant,
592 2297 696 2330 Bernartius
716 2295 805 2329 C'Morra
823 2305 863 2327 cum
882 2293 936 2338 regiis

449 2342 530 2375 faeliciter
538 2342 589 2386 signa
597 2341 666 2375 confert
729 2362 736 2368 ·
827 2360 835 2368 -
925 2359 933 2366 -

371 2388 406 2421 lv.
420 2386 519 2421 Urmonius
526 2398 583 2420 comes
591 2398 602 2420 a
610 2386 660 2421 Irisia
671 2385 771 2431 repellitur,
779 2389 798 2418 et
806 2383 861 2418 Huon
869 2383 934 2418 Catho-

447 2432 485 2465 licis
493 2432 558 2465 auxilio
567 2431 615 2466 venit
827 2451 834 2458 -
926 2450 933 2456 -

383 2478 408 2511 V.
422 2477 518 2517 Catholici,
532 2476 612 2521 regiique
631 2476 718 2522 publicam
737 2486 815 2520 pugnam
830 2474 935 2509 acerrimam

402 2553 403 2557 ,
446 2522 489 2556 totis
497 2522 564 2555 viribus
573 2523 690 2556 committunt.
701 2521 770 2566 Bagnal
777 2520 876 2565 perimitur.
886 2520 933 2554 Ard-

446 2567 509 2601 macha
517 2572 534 2600 et
542 2567 628 2601 Portmor
636 2578 647 2599 a
653 2566 750 2600 Catholicis
756 2569 885 2610 recuperantur
924 2586 931 2592 -

370 2613 405 2647 Vl.
418 2613 539 2658 Lageniorum
548 2617 566 2647 et
573 2613 649 2646 aliorum
655 2611 700 2645 varii
708 2622 758 2645 casus
765 2611 845 2656 prosperi

493 2753 564 2794 ΤΟΜΙ
582 2752 623 2794 ΙΠ.
638 2750 723 2792 LIBER
735 2750 761 2791 V.

451 2883 553 2911 1]anth
564 2881 682 2914 cumoculos
693 2880 801 2910 otthonum.

392 2972 409 3006 1.
422 2971 555 3050 Mhmmssmm
563 2983 624 3006 rerum
633 2975 695 3014 status,
702 2981 743 3004 cum
753 2968 819 3004 bellum
827 2968 846 3002 in
853 2968 874 3002 iis
883 2967 933 3013 cepit

460 3017 504 3050 escri
517 3017 553 3051 itur
826 3034 833 3043 .
926 3033 933 3040 .

965 535 1014 557 PAGE

983 659 1014 695 172
