2237 3535
42 644 43 649 ,
88 617 144 653 uAP,
194 612 220 647 II.
235 611 270 651 Qui
284 622 316 655 pro
331 610 376 644 Fide
385 605 479 642 Catholici
495 604 609 647 sumpserunt
622 609 677 637 arma,
690 608 751 630 nume-

355 465 421 495 INDEX
431 462 528 492 CAPITUM.
792 455 831 482 XXV

777 562 827 584 Pacu

258 661 321 690 rantur
439 671 447 679 -
540 668 547 675 ·
640 666 647 672 -
740 663 746 669 -
796 644 828 675 142

180 703 218 737 III.
232 701 351 741 Quamobrem
359 709 419 734 omnes
428 694 489 731 Iberni
503 694 525 727 ab
539 690 627 726 hereticis
635 700 670 723 uon
679 688 747 721 defece-

257 747 300 789 rint,
309 746 410 791 disputatur
440 763 447 770 ·
541 759 548 765 ·
628 756 647 787 '—
740 753 747 760 -
797 734 828 765 143

182 793 217 827 IV.
229 792 272 825 Non
280 791 339 830 armis,
348 791 377 824 sed
385 788 453 823 artibus
462 785 515 820 variis
524 784 599 818 Ibernos
607 779 660 813 fuisse
668 782 760 832 superatos
793 779 826 810 145

194 838 218 870 V.
231 838 305 872 [bernus
312 847 349 870 non
356 840 393 869 tam
401 834 423 868 ab
431 831 501 878 Augila,
510 840 563 874 quam
575 826 620 860 alios
628 825 650 858 ab
658 824 697 858 alus
711 834 748 857 esse
796 869 827 901 W

258 882 335 915 devictos
440 900 448 906 -
540 895 547 902 -
641 890 648 897 -
740 890 747 896 -
821 880 828 899 )

183 927 217 960 VI.
232 927 275 966 Quis
284 927 339 960 fuerit
352 936 412 959 rerum
427 928 483 957 status
497 922 515 954 in
529 918 602 955 Ibernio
615 916 649 949 hoc
661 914 707 948 bello
720 914 747 947 in-

258 972 345 1016 cipiente?
439 990 445 996 -
538 986 545 992 -
639 980 647 989 -
741 980 747 986 ·
796 958 828 993 147

301 1123 373 1166 TOMI
390 1121 432 1161 III.
447 1119 531 1161 LIBER
544 1120 573 1161 Π.

266 1266 293 1293 DE
302 1262 367 1292 BELLO
377 1259 495 1291 QUINDEOIM
505 1260 613 1287 ANNORUM.

205 1366 221 1398 I.
234 1365 262 1398 De
282 1361 367 1404 Hispanae
388 1357 449 1391 elassis
471 1356 570 1402 naufragio,
590 1356 665 1390 Alfonso
685 1357 747 1396 Leivd,

258 1405 362 1443 O'Ituarlzm
371 1402 413 1436 Mae
421 1401 493 1436 Suiunio
502 1402 583 1435 Tuethiae
592 1406 610 1435 et
617 1401 656 1434 aliis

195 1453 222 1486 II¹
236 1450 320 1495 Lageniae
328 1452 386 1482 motus
395 1452 414 1481 et
421 1447 475 1491 aliqui
483 1457 534 1480 casus
741 1469 748 1475 .

186 1497 224 1531 III.
237 1496 309 1529 Tironae
317 1504 381 1532 comes,
387 1491 417 1537 qui
425 1492 489 1536 Anglis
497 1492 515 1525 in
522 1491 623 1525 rebellionis
632 1493 749 1537 suspicionem

223 1554 225 1556 ’
260 1539 315 1580 venit,
323 1538 376 1581 injus
384 1542 459 1572 vocatur
541 1556 549 1564 -
642 1557 649 1564 -

183 1586 219 1619 IV.
232 1585 347 1618 Ultoniorum
356 1583 424 1616 obsides
433 1582 455 1616 ab
462 1581 527 1626 Anglis
534 1581 607 1627 fugiunt
642 1603 650 1609 -

195 1631 219 1663 V.
232 1630 295 1663 Ruber
301 1629 323 1662 de
328 1628 398 1671 injuriis
404 1628 437 1661 sibi
445 1627 499 1661 illatis
506 1628 597 1672 queritur,
602 1631 621 1660 et
627 1627 749 1662 O'Donnellus

260 1679 331 1707 oreatus
339 1673 415 1718 patriam
424 1673 445 1706 ab
454 1673 516 1706 haeresi
524 1672 587 1705 statuit
595 1673 685 1706 vindicare
741 1694 748 1701 -

183 1719 218 1753 VI.
231 1719 273 1753 Mac
282 1719 339 1752 Guier
353 1722 416 1751 contra
429 1717 553 1751 Protestantes
567 1729 617 1751 arma
625 1718 684 1751 sumit.
708 1718 747 1751 Ed-

257 1764 334 1802 muudus
343 1763 418 1797 Iberniae
426 1762 495 1797 Primus
504 1774 514 1795 a
522 1762 575 1807 regiis
584 1763 672 1796 occiditur
682 1767 700 1796 et
708 1763 747 1797 aliae

258 1820 311 1843 variae
319 1819 349 1842 res
540 1829 547 1835 -
640 1830 647 1836 -
739 1829 746 1836 -

171 1854 217 1888 VII.
231 1853 272 1887 Mac
282 1854 338 1888 (luier
346 1853 421 1886 adverso
428 1857 486 1887 marte
500 1857 540 1886 'oum
550 1852 600 1898 regio
609 1853 689 1887 exercitu
696 1853 747 1887 dimi-

257 1903 292 1938 cat,
298 1903 316 1932 et
322 1898 439 1933 Iuiskillinam
447 1909 507 1932 arcem
514 1909 546 1942 per
554 1898 674 1942 proditionem
681 1899 748 1932 amittit

163 1943 220 1977 VIII.
234 1943 344 1977 O’Donellus
359 1942 479 1978 luiskillenam
493 1942 568 1983 obsidet,
580 1948 598 1977 et
611 1943 631 1976 iu
645 1942 749 1988 Hispaniam

257 1989 337 2034 legatum
345 1988 401 2021 mittit
410 1987 498 2021 Catholici
506 1988 553 2032 regis
562 1999 613 2033 opem
621 1988 736 2034 efflagitatum

183 2034 220 2067 IX.
234 2033 316 2078 Lageniae
324 2038 384 2066 motus
391 2037 507 2067 renovantur.
519 2033 558 2067 Res
565 2033 618 2067 variae
626 2034 731 2077 referuntur

193 2079 218 2112 X.
233 2078 310 2112 Tirenus
318 2089 376 2112 comes
390 2079 412 2111 ob
426 2078 484 2112 varias
496 2089 557 2112 causas
565 2078 709 2113 Protestautibus
721 2080 747 2113 iu·

258 2123 318 2157 fensus
326 2128 344 2157 et
351 2123 407 2167 magis
415 2127 507 2167 suspectus
514 2123 596 2156 redditur
642 2145 649 2151 -

181 2168 218 2202 XI.
231 2168 300 2213 Regius
314 2168 402 2202 exercitus
417 2168 439 2201 ad
453 2168 518 2201 vadum
531 2168 652 2202 discoctorum
663 2180 747 2213 panuma

258 2214 300 2247 Mac
310 2213 377 2248 (liuere
385 2218 402 2246 et
408 2213 496 2247 Cormako
506 2212 675 2247 O'Nellofimditur.
686 2213 747 2248 O'Do-

258 2259 315 2293 uellus
334 2258 455 2293 Iniskillenani
473 2258 492 2291 iu
512 2258 620 2293 deditionem
640 2259 709 2304 accipit,
730 2264 747 2293 et

258 2304 327 2349 Auglos
339 2303 447 2337 Gonnachtae
454 2303 549 2337 labefactat
641 2324 648 2331 -
740 2326 747 2333 .

170 2348 217 2382 XII.
232 2348 315 2383 Galvaria
327 2348 404 2393 acceptis
418 2349 440 2382 ab
454 2348 553 2382 O'Dcnello
565 2349 635 2383 auxiliis
651 2349 745 2383 Bellikiam

258 2405 318 2428 arcem
332 2394 415 2427 insuam
430 2398 536 2438 potestatem
551 2394 623 2439 redigit,
638 2406 678 2428 cum
691 2395 746 2440 regiis

257 2450 341 2484 prospere
350 2438 423 2473 dimicat
430 2444 449 2473 et
458 2439 499 2473 Mac
508 2438 607 2473 Williamus
617 2444 687 2473 creatur
739 2461 746 2468 -

160 2483 218 2517 XIII.
231 2484 333 2529 Anglorum
345 2484 447 2528 praesidium
461 2485 555 2518 Portmore
563 2484 642 2530 pellitur,
651 2489 669 2518 et
678 2485 696 2518 in
705 2485 746 2518 Mu-

258 2529 334 2563 nichano
344 2528 422 2563 Oastello
431 2530 523 2563 obsidetur
543 2549 550 2556 -

293 2699 364 2740 ΤΟΜΙ
379 2698 420 2740 III.
435 2697 520 2739 LIBER
534 2697 575 2738 III.

263 2845 290 2872 DE
300 2844 366 2872 BELLO
377 2844 495 2876 QUINDEGIM
504 2843 613 2871 ANNORUII.

203 2947 219 2980 I.
232 2938 332 2991 Utriusque
340 2948 396 2991 partis
404 2947 487 2986 bellandi,
494 2946 619 2991 pugnandique
627 2952 723 2992 apparatus
730 2953 749 2982 et

258 2993 335 3035 patroni.
362 2992 424 3027 Comes
440 2992 525 3031 Timone,
532 2992 614 3037 princeps
624 2992 709 3027 O’Nellus
721 2994 747 3027 in-

260 3041 359 3080 auguratur

165 3095 178 3121 l)
