2237 3535
205 412 245 452 132
347 410 479 452 o'sumnvanr
493 421 596 450 merome
607 423 732 462 carucarum,
746 423 795 452 nou.
806 423 830 450 11.
885 408 934 460 [rie.
951 418 980 446 rr.

233 520 316 562 Interim
336 519 408 561 silenda
416 532 458 558 non
474 521 503 558 est
513 518 609 559 sententia
625 519 706 559 celebris
716 535 727 559 a
737 520 750 560 J
751 521 828 561 ohanne
838 520 917 560 Pcrroto
927 515 982 556 Iber·

177 603 178 606 =
205 576 243 617 niae
253 590 334 630 prorege
348 575 392 614 lata.
420 572 491 613 Coram
501 586 539 626 quo
550 587 595 613 cum
600 573 695 614 Thadaeus
705 578 725 614 et
741 574 834 615 Guthalus
846 572 982 615 O’Conclrmes

207 631 284 685 Ophalii
304 631 327 669 de
343 627 419 682 praediis
430 627 485 668 litem
494 632 599 678 moverent,
609 628 625 668 is
629 628 694 682 jussit,
704 632 727 668 ut
735 630 859 681 potiusferro
869 641 927 682 quam
939 626 983 680 jure

206 686 348 739 experirentur:
358 683 386 723 illi
396 682 471 736 pudore
479 684 528 724 moti
536 697 562 723 ne
568 683 631 724 timidi
640 683 751 724 viderentur
757 684 773 723 si
783 684 881 736 singulare
887 686 983 723 certamen

206 743 321 787 recusarent,
332 739 416 792 spatium
433 738 507 778 dierum
524 743 599 791 septem
608 738 710 792 accipiunt,
720 743 743 778 ut
753 752 772 778 se
781 742 851 790 parent
856 738 880 778 ad
890 737 983 784 duellum,

207 794 276 848 quibus
286 793 376 834 Thadeus
392 793 513 833 continenter
527 793 568 833 fere
579 793 666 834 divinum
675 792 767 845 auxilium
774 792 880 846 implorans
890 792 914 832 ad
919 792 984 833 Deum

205 863 271 903 preces
281 848 397 889 effundebat.
427 847 519 888 Guthalus
527 847 572 889 verb
582 848 603 888 in
612 847 712 902 pugilatus
723 847 810 888 studium
820 860 896 887 omnem
906 860 983 901 operam

205 904 307 957 impendit.
336 903 374 944 Die
393 903 499 943 consumta
513 916 558 943 cum
568 903 652 943 stadium
665 903 812 957 ingrederentur
820 901 909 942 Panotto
917 905 936 942 ct
942 901 984 941 aliis

206 958 345 1012 spectantibus,
351 958 419 999 acriter
429 961 449 997 ct
459 957 524 997 dentre
533 958 625 1011 utrinque
635 958 748 998 dimicantes
758 956 862 998 lethalibus
871 955 984 997 vulneribus

207 1014 269 1055 affecti
280 1017 326 1054 sunt
335 1017 354 1054 et
363 1012 408 1054 inde
418 1012 509 1053 Cathalus
519 1012 570 1053 intra
580 1027 651 1067 paucos
661 1013 702 1054 dies
709 1012 801 1067 perivit*

518 1299 577 1340 CAP.
593 1299 671 1340 XXIV.

408 1419 464 1463 Angli
472 1418 494 1451 ab
506 1418 576 1452 Ibernis
585 1418 653 1452 obsides
662 1423 774 1464 extorquent.

210 1548 236 1589 Iu
246 1548 283 1588 hcc
293 1548 424 1588 funestissimo
433 1562 497 1589 rerum
507 1551 565 1597 statu,
576 1548 636 1602 Angli
645 1549 702 1589 veriti
711 1563 736 1590 ne
746 1549 813 1590 Iberni
822 1549 897 1603 injuriis
907 1552 927 1588 et
940 1549 984 1589 reli-

210 1603 273 1656 gionis
284 1607 400 1656 oppugnatae
410 1604 468 1643 causa
477 1603 525 1643 moti
539 1603 659 1652 rebellarent,
676 1618 688 1643 a
705 1604 771 1645 multis
786 1618 852 1645 eorum
866 1604 942 1644 obsides
952 1619 985 1644 en-

209 1662 307 1697 torserunt
317 1673 322 1697 z
336 1661 355 1697 et
365 1657 472 1711 Hugouem
482 1658 626 1699 O'Donnellum
642 1659 768 1700 Tinconnellae
777 1659 889 1713 principem,
900 1658 985 1712 ahosque

207 1715 307 1765 magnates
318 1711 414 1762 Ultonios,
426 1726 507 1765 quorum
514 1713 590 1754 obsides
601 1727 639 1753 non
649 1713 752 1763 habebant,
759 1714 866 1760 timebant3
877 1728 912 1753 nec
919 1717 984 1754 tamen

209 1767 285 1808 obsides
301 1766 325 1808 ab
341 1767 379 1808 illis
394 1770 460 1820 petere
475 1767 578 1817 audebant,
594 1782 618 1808 ne
634 1768 722 1808 homines
735 1768 841 1809 rebellandi
854 1768 934 1821 cupidos
943 1768 985 1808 irri-

208 1826 279 1872 tarent,
290 1822 380 1874 aquibus
396 1821 477 1862 minimb
493 1822 604 1863 nesciebant
620 1822 696 1863 obsides
711 1837 751 1864 non
765 1824 825 1864 fuisse
842 1824 920 1872 dandos,
936 1823 985 1863 sicut

209 1891 273 1930 neque
281 1876 378 1917 tributum
386 1876 464 1930 anglia
473 1891 549 1917 coronae
562 1877 688 1931 pendebatur.
717 1878 776 1922 Quod
785 1892 830 1919 vero
840 1878 902 1932 palam
913 1878 986 1918 efficere

210 1946 250 1973 non
266 1935 360 1985 poterant,
376 1932 431 1981 clam,
448 1935 467 1972 et
481 1946 515 1985 per
525 1932 591 1972 dolum
607 1936 691 1973 tentant.
725 1933 739 1973 J
740 1933 825 1974 ohannes
841 1933 986 1974 Bremichamns

210 1986 535 2040 Anglo-IbernusDubhlinnensis,
542 1992 640 2037 mercator,
650 2002 748 2042 aprorege
754 1989 825 2042 partim
832 1989 921 2041 praemiis,
928 1993 985 2041 atque

210 2041 383 2096 pollicitationibus
393 2041 480 2090 allectus,
490 2042 560 2095 partim
569 2046 622 2083 metu
628 2043 697 2096 pulsus
706 2044 770 2083 navim
777 2044 873 2084 mercibus
883 2046 956 2091 onerat,
966 2043 987 2083 in

210 2111 252 2137 eam
269 2097 409 2150 quinquaginta
426 2096 496 2136 milites
512 2111 523 2136 a
538 2111 616 2150 prorege
633 2101 721 2151 acceptos
735 2099 825 2151 imponit,
840 2102 859 2138 et
873 2096 987 2138 Dubhlinnat

211 2151 293 2200 solvens,
304 2152 431 2204 secundisque
440 2152 502 2192 ventis
512 2151 563 2191 inter
576 2151 674 2192 Iberniam
684 2156 703 2192 et
714 2152 797 2193 Scotiam
812 2156 883 2202 vectus,
893 2153 914 2192 in
923 2152 987 2193 lacurn

212 2207 274 2247 Ocelli
286 2206 349 2260 (Lech
359 2206 445 2259 Sulin)†
462 2206 483 2246 in
499 2206 571 2246 finibus
582 2205 699 2246 O'Donnelli
709 2208 791 2260 appulit.
819 2207 851 2247 Ad
860 2208 906 2248 novi
915 2221 986 2248 merca·

210 2262 259 2302 toris
268 2262 339 2302 famam
347 2262 427 2316 juvenes
436 2260 511 2302 nobiles
521 2261 595 2314 aliquot
601 2262 707 2310 confluunt,
716 2275 798 2314 quorum
804 2262 919 2315 primusfuit
925 2262 986 2315 Hugo

176 2347 177 2350 η
212 2316 347 2357 O'Donnellus
363 2320 491 2370 cognomento
502 2315 614 2365 r“Ruberj'
632 2315 750 2356 O'Donuelli
764 2316 855 2370 principis
872 2318 922 2358 filius
938 2322 987 2358 natu

211 2373 313 2422 maximus,
324 2375 371 2412 tunc
388 2371 484 2412 decimum
499 2376 590 2424 quartum
606 2385 679 2412 annum
694 2384 765 2423 agens:
781 2385 838 2424 quem
847 2373 932 2413 comitati
942 2376 988 2412 sunt

212 2427 314 2480 Eugenius
330 2427 375 2467 Mac
390 2426 490 2475 Suiuuius,
507 2426 622 2480 cognomine
640 2426 738 2479 “junior’'
754 2426 840 2467 Thuetiae
855 2428 950 2481 princeps,
968 2431 987 2467 et

212 2482 314 2536 Eugenius
331 2481 461 2522 O’Gallachur
478 2495 542 2534 eques.
572 2480 615 2521 Hos
630 2484 725 2521 mereator
742 2481 766 2521 ad
780 2482 872 2522 videndas
885 2496 958 2522 merces
967 2483 988 2522 in

213 2538 284 2588 navim,
294 2537 370 2578 invitat.
389 2536 427 2577 Sed
437 2536 471 2583 ubi
481 2536 635 2577 conscenderunt
644 2536 716 2584 navim,
726 2551 737 2575 a
746 2536 839 2577 militibus
849 2537 989 2590 quinquaginta

235 2684 242 2704 ³
255 2682 305 2717 Ab.
315 2683 364 2715 1583.
388 2680 501 2715 Hardiman's
511 2680 584 2714 statute
593 2679 613 2713 of
619 2679 715 2723 Kilkenny,
722 2691 740 2725 p.
747 2681 774 2715 96,
800 2681 838 2716 The
844 2681 888 2723 fact,
894 2691 912 2714 as
919 2681 988 2716 related

212 2729 235 2773 by
243 2727 324 2767 Hoolrer,
332 2727 391 2760 differs
399 2727 418 2759 in
426 2726 481 2770 slight
490 2726 553 2760 details
561 2726 608 2758 from
620 2735 653 2757 our
662 2728 705 2757 text.

235 2774 244 2815 †
258 2772 323 2816 Lough
338 2772 404 2816 Swtlly,
419 2771 467 2804 Ab,
484 2770 534 2807 1587.
549 2770 583 2803 See
599 2769 676 2802 detailed
690 2776 764 2804 account
775 2770 797 2804 of
809 2770 844 2805 this
856 2774 913 2804 event.
936 2771 987 2806 Feur

213 2818 296 2856 blusters,
303 2816 345 2850 ibid.
369 2817 449 2857 Pence,
457 2815 591 2860 apprehending
596 2815 626 2847 the
632 2814 704 2847 crescent
712 2816 733 2848 of
738 2816 767 2849 the
776 2815 852 2861 Spanish
861 2816 946 2855 Armada,
953 2816 988 2850 had

212 2863 265 2904 tahon
273 2863 355 2907 hostages
363 2862 410 2895 from
419 2862 442 2894 all
456 2862 486 2894 the
499 2861 553 2900 Irish,
568 2865 580 2881 “
588 2858 709 2893 Government
721 2861 742 2894 cf
752 2861 831 2901 Ireland,
839 2872 855 2905 p.
866 2861 915 2899 133?
923 2861 958 2894 and
966 2862 987 2894 he

211 2907 247 2940 had
254 2908 302 2950 good
309 2918 372 2941 reason
379 2911 398 2940 to
406 2906 445 2940 fear
460 2905 568 2946 O'Donnell,
579 2917 596 2949 p.
607 2904 645 2940 127.
669 2903 711 2938 Had
724 2910 755 2940 not
763 2907 805 2940 Red
814 2905 869 2950 Hugh
877 2906 921 2939 been
929 2906 988 2939 seized

212 2957 231 2985 at
239 2951 274 2984 this
282 2952 350 2994 period,
359 2953 389 2985 the
397 2952 458 2985 fifteen
466 2952 521 2995 years’
530 2962 567 2983 war
576 2950 634 2984 would
648 2950 692 2984 have
705 2952 760 2995 really
772 2951 886 2985 commenced
894 2955 912 2984 at
920 2951 950 2985 the
958 2963 987 2996 pe·

211 2996 251 3032 riod
260 2996 340 3040 assigned
347 2997 369 3040 by
379 3007 411 3029 our
421 2997 491 3035 author,
501 2998 552 3029 1588.
