2237 3535
273 372 284 410 8
415 373 550 417 o'sumrraur
564 389 666 418 nrsroarn
681 391 805 431 carrionem,
820 394 869 434 ron,
884 393 899 421 1.
961 382 1010 434 [uns.
1025 397 1039 423 1.

271 479 337 522 Solino
347 483 431 524 tradenti
440 499 480 525 esse
490 498 540 525 anno
554 487 596 525 toto
606 486 703 529 undosum
713 495 732 530 et
741 491 855 546 inquietum,
865 490 990 545 pauculisquc
1000 492 1039 533 die-

271 536 308 599 bus
318 537 390 578 oestiris
399 539 511 592 navigabile,
521 539 567 580 fidei
575 541 624 580 nihil
637 541 752 586 habendum.
782 547 834 588 Nam
844 550 910 587 contra
919 546 975 587 docet
984 561 1040 602 erpe-

270 594 340 633 nentia
350 597 369 632 et
378 607 430 634 mare
445 593 494 634 illud
510 597 552 635 toto
562 609 613 636 anno
622 597 714 651 navigari,
726 602 745 639 et
755 602 843 643 Solinum
853 602 876 643 de
885 601 963 641 Ibernia
971 616 1040 655 parum

271 648 319 687 certi
330 648 431 700 accepisse.
459 648 531 703 Figura
550 664 592 690 esse
610 655 672 703 ovata,
692 653 725 706 qui
744 655 827 697 insulam
843 657 907 711 aptius
924 656 1039 706 describunt,

232 707 234 711 ⁴
270 702 330 742 aiunt.
362 702 399 742 Cui
415 710 565 745 consentaneum
580 705 663 756 videtur,
681 708 733 761 quod
751 710 847 764 aliquibus
866 711 960 752 Ibernicis
978 712 1040 766 poetis

270 760 284 778 “
291 756 396 798 uuicims”
406 758 427 798 id
437 763 465 799 est
479 760 543 800 insula
553 760 609 802 suilla
624 762 704 812 dicatur,
715 763 768 816 quod
777 767 844 819 procul
854 766 988 821 navigantibus
998 781 1040 821 spe-

269 812 317 873 ciem
327 812 460 907 suislnatautis
474 815 598 868 spectandam
613 818 712 858 ostendere
725 818 818 861 videatur.
848 821 893 866 Quo
902 823 924 862 fit
933 825 956 862 ut
965 821 1040 875 longior

268 871 293 907 srt
303 881 358 920 quam
376 869 432 909 atior.

595 1114 654 1155 CAP.
670 1114 707 1155 IV.

525 1219 554 1253 De
562 1219 639 1254 Ibernire
647 1219 778 1265 Magnitudine,

222 1326 257 1368 [5.]
268 1317 276 1368 t!
286 1317 365 1356 Aonius
383 1320 412 1357 est
427 1316 477 1356 inter
495 1319 583 1357 auctores
593 1316 617 1357 dc
632 1317 672 1370 ejus
691 1316 824 1370 magnitudine
843 1319 945 1357 certarnen.
974 1318 1004 1359 Dc
1014 1334 1035 1360 ea

264 1372 345 1425 loquens
355 1371 455 1412 Cornelius
465 1371 543 1412 Tacitus
559 1371 665 1425 “spacium
675 1372 716 1425 ejus
727 1372 806 1425 (inquit)
818 1373 835 1412 si
843 1371 949 1412 Britanniae
959 1387 1035 1426 compa-

263 1431 323 1475 retur,
340 1427 448 1479 angustius
464 1427 527 1467 nostri
542 1427 599 1466 maris
615 1426 688 1467 insulas
705 1441 774 1480 supera
785 1427 802 1468 .”
832 1426 890 1468 Hanc
906 1428 1035 1481 conjecturam

263 1486 341 1523 secutus
359 1481 467 1532 Gulielmus
483 1481 623 1522 Neubricenois
639 1482 716 1535 Anglus
733 1483 760 1522 ait
775 1482 830 1522 “Est
840 1485 904 1522 autem
913 1481 996 1532 ibernia,
1011 1487 1034 1524 ut

263 1538 378 1590 accepimus,
393 1537 444 1577 inter
459 1536 532 1577 insulas
550 1536 641 1577 secundae
658 1537 750 1591 aMajcri
766 1537 867 1577 Britannia
880 1538 1033 1590 magnitudinis”

262 1592 326 1632 Oaesar
335 1592 444 1645 Imperator
452 1592 473 1632 in
483 1592 624 1633 commentariis
634 1606 698 1633 rerum
708 1608 719 1632 a
729 1606 750 1632 se
756 1597 854 1645 gestarum
860 1593 888 1633 ita
894 1592 953 1632 refert
963 1593 1033 1633 “lber-

261 1647 295 1687 nia
312 1647 392 1688 dimidio
409 1646 478 1696 minor,
494 1650 517 1686 ut
532 1647 659 1697 existimatur,
675 1662 733 1700 quam
749 1647 856 1696 Britannia,
873 1647 907 1687 sed
921 1647 962 1699 pari
972 1649 1033 1701 spatio

261 1703 465 1754 transmissumque
482 1716 506 1742 er
523 1702 587 1742 Gallia
601 1705 630 1742 est
644 1702 665 1742 in
679 1702 812 1743 Britanniani'
830 1702 902 1742 Contra
917 1702 992 1743 Solinus
1009 1704 1033 1743 de

260 1756 361 1797 Britannia
370 1757 443 1797 iaciens
452 1756 511 1797 verba
521 1756 621 1798 “multis''
633 1757 728 1811 “inquit”
738 1757 812 1806 insulis,
823 1771 859 1797 nec
868 1756 985 1809 ignobilibus
995 1758 1031 1798 cir-

260 1812 367 1861 cumdatur,
379 1825 460 1864 quarum
469 1811 554 1852 Iuverna
564 1812 581 1852 ei
590 1812 686 1865 proximat
696 1812 848 1865 magnitudine.”
876 1811 997 1852 Gambrensis
1012 1817 1032 1854 et
1099 1842 1118 1868 vl*

261 1866 396 1907 Staniburstus
412 1866 482 1907 Oaesari
497 1867 635 1916 assentiuntur,
654 1871 745 1920 putantes
759 1867 881 1913 Britanniam
897 1880 938 1906 esse
953 1866 1032 1909 ibernia
1098 1868 1117 1919 *ll

260 1922 320 1975 duplo
329 1923 428 1976 majorem.
455 1921 499 1974 Bgo
508 1936 553 1962 vero
564 1922 597 1974 qui
607 1921 631 1961 de
643 1922 678 1962 hac
692 1936 713 1962 re
728 1922 814 1962 homines
831 1922 932 1975 utriusque
946 1923 1030 1976 regionis
1098 1919 1117 1949 '52

259 1977 385 2031 peritissimos
395 1976 489 2026 consului,
500 1976 572 2017 abillis
582 1976 671 2026 dissideo,
686 1980 774 2018 statuens
790 1976 888 2017 lbemiam
897 1977 1030 2030 magnitudine

258 2035 350 2086 proestare
365 2032 443 2084 utrique
459 2045 519 2085 regno
535 2031 611 2084 angliae
625 2036 645 2072 et
655 2031 736 2072 Scotiaa:
752 2031 853 2072 Britannia
861 2035 926 2071 tamen
936 2046 978 2084 quae
987 2048 1030 2087 reg-

243 2101 306 2128 num
321 2091 426 2140 utrumque
441 2086 525 2127 Scotiam
542 2090 562 2126 et
577 2087 668 2139 Angliam
683 2087 775 2135 continet,
789 2087 884 2128 minorem
897 2086 980 2139 quidem,
989 2102 1030 2129 non

258 2146 322 2183 tamen
332 2141 412 2182 dimidio
422 2142 515 2182 minorem
528 2155 575 2181 esse.
606 2141 664 2184 Quod
672 2143 700 2182 ita
709 2142 806 2188 confirmo.
835 2142 936 2181 Britannia
946 2142 1029 2184 Scotiam

258 2201 277 2238 et
287 2197 379 2251 Angliam
396 2196 560 2250 comprehendens
575 2195 661 2236 millibus
675 2210 768 2250 passuum
778 2196 866 2249 Anglicis
881 2196 995 2250 octingentis
1007 2200 1029 2239 iu

257 2252 400 2306 longitudinem
410 2253 458 2292 etin
467 2251 591 2292 latitudinem
606 2251 680 2291 circiter
696 2251 790 2300 ducentis,
804 2250 919 2292 Cambrense
933 2255 987 2302 teste,
997 2254 1029 2294 rel

257 2308 298 2348 aliis
309 2306 428 2356 authoribus,
438 2307 459 2347 in
468 2306 597 2355 latitudinem,
610 2306 700 2346 trecentis
714 2306 824 2359 porrigitur.
853 2306 931 2347 ibernia
947 2321 991 2348 vero
1005 2308 1028 2349 in

255 2363 399 2416 longitudinem
424 2364 560 2411 trecentorum,
580 2365 600 2400 et
617 2361 697 2414 triginta
712 2360 773 2400 millia
787 2375 879 2414 passuum
894 2361 1027 2404 Ibernicorurn

255 2418 390 2472 protenditur:
407 2420 426 2457 et
434 2416 473 2457 lata
482 2417 554 2457 centies
573 2416 659 2469 sexagies
673 2415 726 2456 mille
739 2416 827 2469 passibus
841 2419 900 2470 patet.
929 2417 972 2457 lam
981 2433 1026 2459 uero

255 2472 343 2514 milliaria
349 2472 439 2513 lbernica
448 2472 536 2525 Anglicis
547 2485 589 2512 csse
598 2471 693 2524 longiora,
701 2470 748 2511 satis
755 2474 784 2510 est
793 2471 918 2525 exploratum,
929 2477 1026 2514 annuente

255 2528 313 2568 etiam
323 2527 452 2568 Stanihurstc.
472 2526 525 2567 Nam
534 2540 596 2567 unum
606 2526 717 2567 milliarium
726 2524 837 2566 Ibernicum
847 2527 885 2568 duo
896 2528 934 2568 iere
943 2528 1026 2582 Anglioa

254 2586 274 2624 ct
284 2582 352 2623 Italica
361 2581 432 2623 reddit.
451 2581 510 2622 Unde
517 2581 616 2622 Iberniam
630 2582 651 2622 in
660 2580 809 2633 longitudinem,
819 2583 924 2623 sexcenties
933 2597 1025 2636 passuum

254 2637 387 2691 Anglicorum,
404 2641 423 2678 et
437 2637 549 2678 Italicorum
564 2637 619 2677 tendi
635 2636 709 2689 liquido
726 2639 807 2677 constat.
846 2637 891 2677 Hoc
907 2638 1025 2689 apertissime

254 2693 329 2734 censuit
338 2692 352 2733 J
353 2693 404 2732 ulius
413 2692 510 2746 Agricola,
527 2693 561 2745 qui
576 2692 614 2732 fuit
631 2692 763 2732 Rornanorum
777 2693 878 2745 praefectus
887 2692 909 2733 in
917 2692 1023 2743 Britannia,

252 2748 330 2789 tradens
339 2747 460 2789 Britanniam
470 2761 511 2788 csse
520 2747 573 2796 mille
582 2746 671 2801 passibus
686 2746 811 2799 octingenties
826 2748 910 2801 longam,
921 2752 941 2788 et
950 2752 1024 2789 trecen-

252 2805 289 2845 ties
304 2803 368 2853 latam,
391 2803 515 2856 eamdemque
530 2816 571 2842 esse
588 2802 671 2843 iberniae
686 2800 813 2851 latitudinem,
833 2804 867 2843 sed
882 2802 1023 2855 longitudinem

253 2859 341 2900 ducentis
355 2857 441 2899 millibus
455 2871 548 2912 passuum
562 2857 657 2899 minorem
663 2874 670 2906 3
685 2857 740 2910 cujus
753 2857 861 2909 opinionem
875 2858 970 2898 memoriae

253 2913 302 2955 didit
310 2913 386 2954 Plinius
396 2913 495 2955 Secundus
502 2912 562 2954 Libro
573 2917 641 2967 quarto
651 2911 750 2953 Naturalis
765 2911 856 2955 Historia
865 2912 932 2967 Capite
941 2913 1022 2955 Decimo

252 2970 316 3011 Serto.
353 2979 355 2982 ⁴
