2237 3535
127 352 171 379 cnr.
187 337 226 390 nn]
323 351 350 379 uu
364 351 429 379 annno
443 351 562 383 curnurorrr
575 350 685 379 auronum.
861 337 900 377 211

127 448 194 489 fordus
204 463 215 488 a
224 446 318 487 militibus
328 447 404 489 Ibernis
414 449 496 498 duobus
507 448 577 503 quibus
587 461 679 500 magnum
685 446 787 500 praemium
796 449 902 501 proposuit,

112 522 113 525 ¹
127 504 162 544 diu
171 503 245 544 levatus
255 502 333 543 tandem
342 517 399 545 eursu
409 511 509 559 superatus
526 503 626 551 occiditur,
637 516 671 556 per
680 502 730 542 latus
740 503 831 556 trajectus
841 502 901 542 lrasth.

127 557 212 599 Arbores
222 571 275 598 caesae
283 561 302 598 et
311 558 424 612 impeditum
433 561 470 600 iter
479 557 599 613 fugientibus
610 571 680 611 magno
694 557 832 611 impedimento
842 561 902 606 erant,

127 613 163 654 ubi
172 627 212 653 non
222 612 279 653 modo
290 627 342 653 arma
351 614 384 655 sed
393 618 413 655 et
422 621 484 656 vestes
500 614 571 654 relictae
588 616 640 653 sunt.
670 611 709 652 Vin
719 613 779 653 evasit
792 611 903 653 Dunkillini

128 669 181 709 baro.
210 667 265 709 Mille
281 668 368 722 passibus
383 685 394 710 a
407 670 472 710 Bullia
489 668 572 710 occurrit
586 666 706 721 fugientibus
722 667 794 708 auxilio
810 666 903 707 Grifflnus

128 738 173 765 cum
183 723 235 764 ornni
245 725 339 776 equitatu,
348 725 457 779 primosque
467 723 576 765 Catholicos
582 723 658 763 hostem
667 722 794 776 incomposite
803 726 903 776 sequentes

129 783 149 819 et
159 778 267 819 occidentes
283 779 304 819 in
320 780 385 833 lugam
404 781 459 821 vertit
466 797 473 829 ,-
489 780 522 820 sed
538 777 642 819 O’Ruarlro
651 778 761 818 Catholicos
770 779 874 831 recipiente
883 781 903 817 et

128 834 253 874 confirmante
263 838 282 874 et
290 834 378 875 hostibus
387 835 494 884 resistente,
505 835 543 875 duo
553 834 633 874 vulnera
643 833 738 886 accipiens
744 832 816 886 duplici
826 832 901 885 glande,

128 889 209 929 alterum
219 889 297 929 dextera
305 903 369 939 manu,
380 890 460 930 altenrm
471 890 548 930 dextero
554 889 631 939 lemine,
638 889 747 942 equitatum
757 888 826 942 pedem
834 887 903 928 referre

127 944 179 985 facit.
208 944 282 984 Rursus
293 948 399 997 sequuntur
408 944 503 986 Catholici
516 944 613 998 usquead
626 944 718 992 Badiam,
729 958 768 997 quo
780 943 872 983 Griffinus
882 956 902 982 se

127 999 202 1052 recipit.
230 999 332 1039 Perierunt
347 1014 369 1039 er
386 1000 442 1052 regiis
459 1014 504 1040 cum
521 999 612 1040 Oliffordo
628 999 719 1053 praefccto
729 1002 749 1039 et
759 998 845 1039 Henrico
856 997 902 1037 Rat-

127 1054 192 1094 cliffiio
202 1054 238 1094 alio
248 1054 310 1094 nobili
318 1054 383 1108 Anglo
399 1055 450 1095 inille
460 1058 480 1094 et
490 1054 618 1109 quadraginti,
629 1055 662 1107 qni
671 1054 711 1094 fere
727 1053 789 1107 Angli
800 1058 818 1094 et
827 1053 902 1106 Anglo-

127 1109 195 1150 Iberni
204 1109 323 1150 Midhicnses
333 1113 393 1158 erant,
403 1124 448 1149 nam
457 1109 565 1150 Connachti
574 1113 652 1163 propter
661 1108 747 1149 locorum
757 1109 846 1162 peritiam
855 1108 900 1148 iaci-

126 1164 164 1204 lius
174 1168 219 1204 sunt
229 1164 294 1217 elapsi.
323 1164 354 1204 En
364 1164 467 1204 Catholicis
485 1168 563 1204 centum
580 1164 706 1217 quadraginta
717 1164 797 1204 fuerunt
806 1163 901 1203 vulnerati

127 1224 147 1259 et
157 1219 263 1259 desiderati.
294 1219 354 1272 Capta
363 1223 410 1258 sunt
417 1218 515 1271 'regiorum
525 1219 588 1259 omnia
598 1219 638 1258 fere
647 1233 704 1268 arma,
716 1219 771 1272 signa
782 1223 801 1258 et
809 1223 900 1271 tpunpanu

127 1274 222 1323 militaria,
232 1274 369 1327 impedimenta
379 1277 398 1313 et
407 1274 473 1313 multae
488 1277 557 1314 restes.
586 1273 682 1313 O'Nellus
692 1274 725 1325 qui
735 1273 843 1314 O’Donello
854 1287 900 1315 aun-

126 1330 161 1369 ilio
171 1328 259 1369 ueniebat
270 1329 352 1369 duorum
369 1328 442 1368 dierum
458 1328 527 1368 itinere
543 1327 614 1369 aberat.
642 1327 728 1368 Glillordi
744 1342 792 1368 nece
801 1327 901 1381 diuulguta

126 1383 207 1424 Navalis
216 1384 276 1424 classe
294 1383 385 1423 Galrcam
400 1383 502 1422 revehitur.
532 1381 648 1423 O'Conclrur
658 1396 698 1422 sese
708 1382 813 1423 O’Donelli
823 1382 900 1422 arbitrio

126 1439 239 1492 permittens
256 1437 279 1478 ab
297 1452 319 1477 eo
335 1437 356 1477 in
371 1438 469 1490 integrum
487 1436 580 1490 Sligachae
596 1437 726 1490 principatum
742 1437 850 1477 restituitur
860 1437 901 1477 aliis

127 1493 183 1533 donis
198 1492 308 1533 cumulatus
323 1496 343 1531 et
358 1495 475 1532 sacramento
491 1495 569 1544 rogatus
585 1491 623 1545 ipsi
639 1492 728 1545 deinceps
742 1492 764 1533 iu
772 1492 902 1533 Protestantes

126 1549 167 1589 lore
177 1547 280 1600 auxiliolll

461 1800 519 1840 Gar.
535 1800 573 1841 XI.

343 1938 391 1977 Quid
398 1938 484 1972 Essenius
492 1940 510 1973 in
518 1940 593 1974 Ultonia
600 1942 689 1985 gesserit?

127 2059 236 2104 Sneuunrs
246 2071 311 2097 mense
322 2056 428 2110 Septembri
438 2071 502 2098 comes
511 2057 605 2098 Essenius
615 2072 639 2098 ex
648 2059 720 2112 Angue
730 2065 806 2114 recepto
816 2059 902 2101 subsidio

126 2114 174 2153 fines
184 2112 270 2153 Ultoniae
283 2111 397 2166 ingreditur.
425 2112 455 2152 llo
466 2111 550 2153 O'Nello
567 2128 612 2153 curn
629 2114 668 2154 suis
678 2115 738 2167 copiis
748 2129 790 2155 sese
799 2115 902 2155 ostendens

127 2182 162 2221 per
179 2167 285 2221 Haganum
304 2167 358 2221 petit,
377 2170 401 2206 ut
414 2167 536 2220 colloquendi
551 2171 666 2221 potestatem
680 2169 744 2210 faeiat.
773 2169 902 2211 Essexiusre-

128 2222 211 2275 spondet
220 2237 241 2263 se
250 2226 328 2276 postero
339 2222 369 2263 die
385 2222 406 2262 in
416 2223 455 2263 acie
462 2236 504 2263 esse
513 2223 672 2264 conveniendum.
693 2223 739 2268 Qua
748 2224 780 2265 die
790 2240 812 2266 ex
821 2229 903 2278 utraque

127 2280 182 2330 parte
191 2277 245 2317 missi
254 2278 329 2331 equites
340 2282 358 2318 et
367 2277 499 2318 fulminatores
508 2278 576 2319 leviter
582 2278 692 2319 velitantur.
721 2280 797 2320 Rursus
807 2280 901 2321 O'Nellus

126 2331 231 2384 colloquim
240 2333 296 2385 petit,
307 2333 360 2386 quod
368 2332 459 2373 usserius
469 2332 542 2373 diutius
551 2333 662 2387 negandum
671 2349 711 2374 non
726 2337 809 2389 putavit.
838 2335 902 2376 Ambo

127 2386 152 2427 ad
161 2386 295 2428 interlabentis
304 2387 389 2428 fluminis
398 2387 448 2441 ripas
457 2389 569 2429 accedentes
575 2388 615 2434 soli
624 2389 670 2430 hinc
679 2389 725 2430 inde
734 2390 862 2444 loqurmtur.†
871 2391 903 2431 Er

128 2454 167 2495 quo
177 2441 266 2483 effectum
277 2446 306 2483 est
320 2447 344 2483 ut
356 2446 423 2484 octavo
434 2442 465 2482 die
475 2442 592 2498 Septembris
602 2457 668 2484 rursus
678 2446 811 2498 couvenientes
821 2449 902 2498 uterque

127 2496 230 2537 comitatus
254 2501 298 2538 octo
323 2512 347 2538 err
372 2497 499 2538 nobilioribus
527 2498 558 2538 sui
586 2500 680 2542 exercitus
708 2499 796 2540 inducias
822 2500 903 2541 fecerint

127 2566 190 2605 usque
207 2552 232 2593 ad
249 2552 348 2594 Kalendas
364 2553 412 2594 Maii
424 2553 520 2607 sequentis
535 2554 582 2594 anui
598 2568 620 2594 ea
635 2553 684 2608 lege,
701 2559 723 2594 ut
739 2558 820 2609 uterque
837 2560 903 2608 posset

151 2689 158 2705 ¹¹
171 2689 220 2722 Four
228 2688 311 2728 Martem,
320 2700 338 2733 p.
348 2688 400 2725 2137,

150 2733 163 2777 †
176 2733 220 2767 This
229 2734 335 2768 conference
347 2746 382 2768 was
396 2734 437 2767 held
450 2738 469 2767 at
482 2732 579 2777 Anagolart
592 2732 662 2776 bridge,
671 2745 694 2766 on
707 2734 738 2767 the
747 2733 816 2778 Lagan,
824 2737 905 2772 between

127 2777 159 2810 the
168 2779 247 2812 eounties
256 2778 277 2812 of
287 2779 348 2813 Louth
357 2779 392 2813 and
406 2777 573 2822 Monaghan.—See
587 2777 639 2810 other·
647 2783 731 2812 accounts
740 2779 761 2812 of
770 2779 791 2819 it,
800 2783 849 2816 Foar
857 2784 906 2817 Mae.

128 2826 168 2861 terr,
177 2835 194 2867 p.
204 2827 250 2857 2139
259 2838 264 2865 3
278 2825 369 2868 Dymmch,
377 2836 394 2869 p.
404 2826 438 2866 983
454 2824 516 2857 Tracta
523 2822 540 2856 I.
550 2821 573 2856 Α.
585 2823 658 2867 Societpv
684 2823 744 2857 There
753 2836 790 2858 was
797 2839 820 2862 no
828 2829 874 2874 fight
886 2841 906 2862 or

129 2866 216 2902 shirmish.
242 2869 282 2903 The
291 2870 370 2914 journey
383 2874 402 2903 to
417 2870 447 2903 the
460 2868 514 2902 north
528 2868 614 2913 occupied
628 2868 728 2913 altogether
742 2869 790 2904 from
798 2873 829 2907 the
838 2875 881 2908 reth
889 2873 910 2907 of

128 2911 202 2956 August
209 2920 228 2960 to
238 2914 344 2960 September
353 2914 390 2949 9th.
