2237 3535
98 405 141 432 oar.
157 392 187 444 u]
307 408 333 435 ou
347 409 411 438 sunno
427 411 545 443 unruoncnu
559 412 668 441 annosum.
829 403 867 442 cot

97 504 201 553 pugnatur,
212 501 285 555 aliquot
294 506 383 560 utrinque
393 509 487 557 sauciatis,
498 512 517 548 ct
537 509 654 559 desideratis,
665 510 699 550 sed
709 510 764 564 regiis
774 508 868 562 pluribus,

97 568 212 617 ex'quornm
222 557 319 601 nobilibus
332 565 405 605 cecedit
421 564 539 616 Tamquinus
550 564 633 616 Anglas,
642 577 707 618 neque
715 564 816 619 pugnandi
825 566 869 606 finis

96 623 169 661 pnmus
192 611 255 652 lactus
281 621 315 665 est,
339 631 396 670 quam
425 619 495 659 Nomis
524 620 545 659 in
575 619 756 661 Killnamollacham
783 620 869 672 (ecclesia

95 664 230 719 tumueram)
243 682 262 709 se
272 671 347 724 recepit.

425 918 483 960 OAP.
498 917 524 959 V.

289 1034 361 1068 Thomu
369 1035 448 1069 Nurrisis
456 1036 545 1080 expeditio
553 1035 635 1070 seormdo.

96 1130 178 1173 Russus
193 1132 262 1174 Norris
278 1136 299 1175 in
316 1135 424 1176 Catholicos
432 1136 572 1190 expeditionem
588 1139 648 1190 parat,
662 1135 734 1175 ducens
751 1133 790 1173 duo
806 1133 866 1174 millia

96 1191 115 1227 ct
125 1188 273 1241 quadringentos
280 1190 351 1243 pedites
362 1194 381 1230 et
391 1192 465 1244 equites
470 1195 565 1231 trecentos
582 1205 627 1231 oum
642 1190 714 1243 quibus
729 1189 803 1229 Rachel
815 1189 865 1229 vice·

94 1243 170 1283 comitis
188 1243 234 1283 fines
252 1245 349 1297 ingressus
369 1245 525 1298 Oppidopontcm
547 1246 607 1297 (Baile
625 1259 650 1284 au
669 1244 744 1293 drohid)
765 1244 866 1284 castellnm

94 1300 163 1337 natura
179 1302 198 1337 et
212 1313 269 1351 opere
287 1299 411 1339 immunitum
431 1300 566 1340 aricecomite
585 1300 681 1340 desertum
699 1302 785 1351 occupat.
815 1298 865 1338 Inde

95 1351 271 1405 Oppidocastellum
284 1353 345 1405 [Baile
355 1368 380 1393 au
390 1354 501 1405 cosletot
510 1369 573 1394 arcem
589 1355 658 1394 natura
668 1357 687 1393 et
697 1352 785 1405 praesidio
795 1352 866 1393 firmio-

93 1420 140 1455 rem,
151 1420 194 1460 quae
204 1408 314 1460 quingentis
324 1407 411 1460 passibus
421 1408 491 1457 aberat,
509 1413 573 1462 petere
588 1408 667 1461 cogitat.
696 1407 745 1447 llam
761 1407 866 1447 vicecomes

94 1461 118 1501 ad
127 1462 277 1501 internecionem
287 1462 355 1502 statuit
374 1462 487 1503 defendere:
508 1464 540 1503 cui
559 1461 771 1516 opportunevenerunt
788 1462 866 1511 auxilio,

93 1516 164 1555 Daniel
182 1516 227 1555 Mac
246 1516 317 1557 Oarrha
335 1518 370 1569 qui
388 1517 508 1558 Olancamhae
527 1518 655 1572 principatum
675 1516 780 1565 obtinebat,
804 1531 867 1557 comes

93 1570 216 1619 Desmonius,
226 1570 339 1625 Dermysius
349 1571 471 1620 O’Oonclnu,
482 1577 500 1612 et
518 1573 626 1613 Gulielmus
641 1572 721 1612 Burkus
736 1586 781 1611 cum
791 1571 866 1612 duobus

93 1625 179 1665 millibus
189 1629 207 1665 ct
224 1626 334 1680 quingentis
349 1627 424 1667 circiter
440 1627 538 1681 peditibus
555 1632 574 1668 et
591 1627 688 1680 equitibus
706 1627 769 1667 minus
782 1631 866 1666 centum.

93 1679 149 1720 Inter
159 1680 336 1733 Oppidocastellum
346 1686 365 1721 et
374 1682 475 1723 Norrisem
485 1684 553 1723 castris
566 1683 670 1731 collocatio,
680 1682 734 1722 illum
744 1682 867 1722 constituunt

93 1749 142 1775 ausu
151 1735 258 1788 prohibere.
287 1736 374 1789 Cumque
385 1737 418 1778 ille
433 1738 537 1778 exercitum
553 1739 650 1787 movisset,
660 1737 701 1791 ejus
711 1737 749 1777 alas
758 1736 780 1775 in
789 1737 866 1789 agmina

93 1804 113 1829 se
122 1791 206 1844 recipere
223 1795 242 1830 et
258 1792 369 1832 universnm
384 1793 488 1833 exercitum
503 1793 527 1833 ad
542 1794 622 1846 pristina
637 1798 699 1832 castra
713 1791 774 1832 redire
784 1796 863 1843 cogunt.

92 1844 160 1885 Castra
169 1860 212 1886 cum
222 1845 351 1886 bombardarii
365 1851 515 1900 oppugnassent,
526 1845 596 1888 crebris
606 1852 745 1887 tormentorum
754 1845 825 1886 ictibus
835 1861 863 1886 re-

92 1906 200 1949 moventur,
209 1900 291 1954 locoque
305 1901 393 1942 cedentes
404 1902 511 1942 Catholicos
521 1903 585 1955 regius
593 1903 697 1955 equitatus,
708 1905 726 1942 et
735 1900 864 1941 bombardarii

93 1960 206 2008 sequuntur,
217 1959 236 1995 et
251 1956 275 1996 ad
289 1956 374 2009 ipsorum
391 1960 486 1997 tormenta
502 1958 626 2011 compellunt.
656 1957 803 1997 Tormentorum
818 1970 863 1996 vero

92 2010 131 2050 vim
141 2011 236 2064 fugientes
253 2011 301 2064 regii
316 2025 381 2051 rursus
395 2012 419 2052 ad
435 2026 470 2052 sua
485 2017 597 2053 reccurrnnt
611 2012 736 2064 sequentibus
745 2010 862 2051 Catholicis:

92 2079 155 2118 neque
174 2080 207 2118 per
226 2065 299 2119 aliquot
319 2066 357 2106 dies
377 2070 406 2106 est
426 2067 543 2106 dimicatum.
572 2067 627 2107 Inter
645 2066 864 2119 utrumqueeucrcitum

91 2120 179 2160 tumulus
189 2124 229 2160 erat
237 2120 293 2161 laetus
303 2124 322 2161 et
330 2121 379 2161 nihil
388 2122 451 2161 invius
459 2135 515 2174 quem
523 2121 609 2162 obtinere
616 2121 701 2161 victoriae
710 2121 751 2161 loco
760 2120 862 2160 ducebant:

92 2189 114 2214 ao
124 2175 232 2216 obtinentes
241 2176 401 2230 interemptorum
415 2177 501 2216 hostium
517 2177 580 2230 capita
592 2175 678 2216 fustibus
686 2176 745 2216 intua
755 2174 805 2215 celso
821 2175 863 2216 loco

92 2229 221 2279 ostentabant.
250 2231 314 2271 Alteri
322 2235 345 2271 ut
360 2246 439 2272 suorum
456 2232 518 2285 capita
534 2231 557 2271 ab
573 2231 702 2285 ignominioso
714 2231 756 2271 loco
766 2230 863 2271 auferrent

92 2298 158 2324 omnes
168 2298 236 2324 nervos
246 2286 345 2336 extimant,
355 2287 407 2327 unde
416 2301 456 2327 non
474 2301 543 2340 parum
553 2288 600 2327 acris
610 2300 676 2339 pugna
686 2286 787 2326 oriebatur.
817 2285 862 2327 Hoc

91 2338 149 2379 modo
166 2352 210 2379 cum
227 2340 267 2380 dies
285 2341 386 2382 duodecim
401 2341 469 2382 fuisset
482 2345 589 2395 pugnatum
605 2342 677 2394 majore
693 2341 789 2394 regiorum
804 2355 862 2393 quam

91 2393 234 2435 Oatholicorum
244 2395 332 2449 damnojll
350 2396 458 2449 Norrisque
469 2396 492 2437 de
508 2397 583 2437 tumulo
592 2411 633 2437 non
649 2396 731 2449 amplius
743 2396 930 2448 contendens[160.]

91 2449 155 2502 potius
166 2449 261 2490 rediturus
278 2465 336 2504 quam
351 2465 484 2505 progressurus
492 2451 595 2501 rideretur,
605 2455 628 2491 ut
641 2450 697 2491 illurn
710 2450 794 2491 reditum
803 2451 862 2491 etiam

92 2504 219 2554 occluderent,
239 2505 306 2546 relicto
326 2506 480 2561 Oppidocastello
503 2506 558 2546 firmo
577 2506 666 2560 pracsidio
690 2504 783 2546 Catholici
804 2505 862 2559 J'uxta

92 2558 255 2614 Oppidopoutem,
265 2565 285 2601 et
294 2561 380 2602 Norrisis
390 2562 458 2602 stativa
473 2561 493 2601 iu
507 2560 550 2601 loco
561 2562 595 2601 viae
603 2560 716 2601 imminente
726 2559 861 2601 consederunt.

92 2613 181 2658 Quorum
198 2619 259 2655 castra
272 2615 341 2657 Nonis
360 2622 405 2658 ante
418 2618 466 2658 lucis
485 2620 572 2656 exortum
591 2615 697 2669 productus
720 2614 818 2668 equitibus
843 2621 862 2657 et

92 2669 223 2724 septingentis
252 2670 390 2713 bombardariis
414 2670 502 2726 gravibus
532 2671 616 2724 pilorum
640 2670 733 2723 grandine
756 2670 862 2724 improviso

91 2724 168 2766 obruit:
184 2740 205 2765 ex
215 2740 237 2766 ea
247 2726 309 2767 fronte
325 2732 476 2781 propugnatores
492 2725 595 2766 nonnullos
609 2724 673 2764 subito
684 2728 754 2765 terrore
763 2726 863 2778 perculsos

91 2778 153 2831 fugat.
183 2780 290 2821 Grrlielmns
301 2796 325 2822 en
333 2782 370 2823 alio
380 2797 441 2823 cornu
450 2780 518 2823 auxilio
533 2781 617 2828 veniens
635 2779 675 2819 suis
685 2781 801 2821 confirmatis
811 2781 833 2822 N
834 2797 864 2822 or-

91 2834 149 2874 n'sem
158 2836 179 2875 in
188 2835 254 2889 bigam
270 2838 328 2877 vertit
344 2842 364 2877 et
380 2838 404 2878 ad
420 2841 481 2878 castra
495 2839 572 2876 secutus
588 2834 662 2888 aliquot
677 2835 750 2888 equites
760 2839 780 2875 et
789 2837 871 2890 pedites

92 2887 180 2930 uulnerat
190 2894 208 2930 et
218 2891 294 2932 occidit.
323 2892 403 2934 Postero
413 2893 443 2933 die
460 2890 528 2931 Nouis
544 2889 687 2944 impedimentis
703 2891 806 2943 praemissis
821 2897 865 2933 ante

191 2987 198 3002 '³
211 2987 319 3024 Oastletown
328 2990 396 3024 Roohe.
420 2990 471 3024 Bnile
479 3001 501 3023 an
511 2988 592 3035 droghld‚
600 2990 615 3023 is
624 2990 747 3035 Bridgetoun.

203 3034 228 3070 26
