2237 3535
205 357 229 396 70
345 359 479 400 o'suunnvnur
494 372 596 400 nrsronrn
612 372 830 409 1111101111,1ὀ11.11,
901 359 949 412 [ura.
961 371 975 397 1.

202 467 290 518 quotidie
300 469 407 512 concitatis.
436 470 467 510 Dc
477 484 560 524 quarum
577 483 640 509 rorum
657 473 711 522 parte
728 471 856 511 meminerunt
870 469 900 510 lnc
909 469 977 509 litterae

202 520 216 560 J
217 522 297 563 ohannis
308 525 378 565 summi
384 526 481 581 pontificis
491 525 515 566 ad
524 524 640 572 Rdvardum,
656 524 734 578 Angliae
744 540 815 579 regem.

196 623 315 657 commonita
328 624 352 657 ad
362 624 452 658 Eonrdurn
466 625 493 659 II.
508 624 572 668 Regem
586 621 659 668 Argita,
673 626 692 655 nt
705 624 783 669 corrigat
794 628 897 671 gravamina
909 623 977 669 populis

225 668 387 748 Zygerpgqgilgtrn,
399 674 458 704 contra
466 670 544 714 formam
556 668 663 703 concessionis
684 667 746 703 natira
766 683 777 704 a
792 672 830 705 sede
847 670 977 715 Apostolica...

244 739 247 746 .
272 738 276 746 .
333 738 338 754 ‚
375 739 379 747 .

225 799 333 833 “Johannes
341 800 437 844 episcopus,
450 808 509 832 servus
522 800 615 831 servornm
630 796 670 835 Dei,
685 796 830 832 christianissimo
842 798 878 832 filio
887 798 972 832 Edvnrdo

202 844 240 888 regi
249 845 319 889 Angliae
327 843 398 883 illustri,
407 843 481 875 salutem
490 846 507 876 et
513 842 629 885 apostolicam
636 841 783 876 benedictionem.

225 890 341 923 “Paternum
349 898 427 922 amorem
433 887 455 920 ad
461 891 497 921 tuae
503 886 612 920 celsitudinis
619 886 733 927 incrementa,
742 886 767 919 fili
776 888 884 931 charissime,
890 888 974 933 gerimuS,

202 934 244 967 dum
252 938 270 967 te
278 934 301 967 ad
309 945 334 975 ea,
343 945 380 978 quae
391 931 442 974 justo
456 932 527 976 placent
538 931 602 975 judici,
611 931 637 965 tui
652 932 710 976 regni,
722 936 818 972 terrarum,
831 937 850 967 et
863 934 975 968 subditorum

202 983 274 1013 tuorum
287 979 322 1012 sint
336 981 435 1022 opportuna
449 976 510 1021 quieti,
523 988 544 1010 ac
557 976 609 1010 famae
622 981 657 1009 tuae
669 977 737 1020 pariter
751 980 770 1010 et
783 977 847 1011 honori
858 979 974 1023 prospiciant,

201 1024 273 1057 solicitis
287 1021 415 1056 hortationibus
430 1022 529 1056 invitamus.
554 1023 630 1066 Propter
642 1022 690 1065 quod
702 1022 721 1054 in
734 1020 756 1054 iis
769 1022 892 1066 persuasiones
904 1029 974 1057 nostras

203 1069 266 1102 devota
274 1068 327 1101 debes
339 1072 398 1101 mente
406 1067 501 1111 suscipere,
511 1071 529 1100 et
541 1067 564 1100 ad
572 1066 694 1101 executionem
703 1067 774 1099 illarum
782 1072 800 1100 te
808 1072 893 1112 paratum
901 1073 919 1101 et
926 1069 975 1102 flexi·

201 1113 253 1146 bilem
261 1112 349 1146 exhibere.
374 1112 429 1153 Ecce,
437 1112 467 1153 iili,
481 1112 579 1156 recepimus
587 1112 655 1145 litteras
664 1111 741 1145 directas
748 1111 817 1155 pridem
825 1124 858 1157 per
867 1112 974 1147 Hibernrcos

200 1162 290 1202 magnates
298 1162 317 1190 et
328 1157 418 1202 populum,
433 1157 501 1191 dilectis
515 1156 555 1190 filiis
569 1156 634 1191 nostris
648 1156 738 1197 Anselmo,
753 1156 781 1189 tit.
796 1158 814 1191 S.
822 1159 839 1192 S.
846 1158 946 1191 Marcellini
955 1163 973 1191 et

200 1203 249 1236 Petri
257 1202 362 1247 presbitero,
371 1207 389 1236 et
402 1201 463 1242 Irucae,
475 1203 493 1236 S.
502 1202 565 1236 Mariae
576 1203 595 1235 in
608 1201 636 1235 via
648 1201 686 1235 lata
699 1202 780 1243 diacono,
789 1202 914 1244 cardinalibus,
922 1215 974 1248 apos-

200 1247 311 1281 tolicusedis
319 1247 390 1286 nuntiis,
403 1252 420 1280 et
434 1259 466 1291 per
480 1259 509 1281 eos
522 1247 573 1280 nobis
587 1247 624 1280 suis
636 1246 743 1281 interclusas
755 1247 820 1280 litteris
835 1247 942 1290 destinatas3
954 1248 974 1281 in

200 1304 275 1336 quarum
284 1292 330 1326 serie
338 1293 384 1325 inter
399 1297 464 1326 caetera
477 1293 556 1326 videmus
570 1291 663 1331 contineri,
672 1291 768 1336 quodcum
779 1292 835 1326 felicis
843 1293 973 1326 recordationis

201 1338 292 1371 Adrianus
299 1339 415 1382 predecessor
423 1343 490 1378 noster,
503 1338 536 1371 snb
551 1339 603 1371 certis
617 1337 668 1370 modo
677 1342 695 1371 et
703 1337 762 1371 forma
770 1337 857 1371 distinctis
865 1337 942 1381 apertiris
954 1339 973 1371 in

201 1383 302 1427 apostolicis
316 1383 381 1416 litteris
395 1382 437 1415 inde
450 1383 507 1424 factis,
522 1383 574 1417 clarae
588 1382 676 1416 memoriae
690 1382 769 1416 Hernico
783 1383 831 1428 Regi
844 1383 920 1427 Angliae,
931 1394 973 1428 prc-

203 1427 281 1472 genitori
289 1432 329 1468 tuo,
337 1428 428 1461 dominum
437 1427 533 1472 Hybernioe
542 1428 661 1466 concessisset,
677 1428 715 1472 ipse
723 1427 764 1461 Rex
772 1439 792 1461 ac
800 1438 911 1461 successores
918 1429 972 1473 ipsius

202 1473 262 1517 Reges
270 1473 411 1517 angliamque
424 1473 448 1506 ad
460 1474 497 1506 haec
504 1477 586 1517 tempora
594 1472 665 1506 modum
674 1477 692 1506 et
699 1472 775 1506 formam
783 1473 885 1516 hujusmodi
893 1485 928 1506 non
936 1485 972 1507 ser-

202 1523 269 1558 vantes,
281 1518 360 1562 quinimo
374 1528 404 1551 eos
418 1518 568 1562 transgredientes
581 1517 665 1556 indebite,
676 1517 798 1551 afflictionibus
810 1523 828 1551 et
841 1519 972 1562 gravaminibus

202 1562 286 1596 inauditis
299 1562 440 1607 importabilium
454 1564 560 1596 servitutum
573 1563 621 1608 ipsos
636 1562 703 1596 diutius
720 1568 852 1606 oppresserunt.
882 1563 921 1596 Nec
936 1564 972 1598 fuit

202 1608 288 1641 hactenus
298 1608 328 1651 qui
336 1612 429 1641 revocaret
437 1608 487 1641 illata
494 1608 603 1653 gravamina,
611 1612 642 1641 aut
650 1612 710 1641 errata
718 1607 825 1652 corrigeret:
834 1619 870 1641 non
878 1608 913 1642 fuit
921 1620 971 1653 quem

201 1653 231 1697 pia
239 1653 336 1696 compassio
345 1663 397 1697 snper
406 1663 467 1686 eorum
476 1653 582 1686 contritione
590 1657 675 1692 moveret,
685 1652 763 1697 quamvis
772 1663 828 1697 super
839 1653 867 1686 his
881 1654 904 1686 ad
915 1658 932 1687 te
944 1665 971 1687 rc-

202 1709 264 1731 cursus
272 1697 344 1730 habitus
352 1697 412 1737 inerit,
420 1701 439 1730 et
451 1698 517 1731 clamor
531 1698 600 1731 validus
615 1708 738 1741 oppressorum
751 1708 802 1730 aures
813 1702 853 1731 tuas
868 1699 971 1743 quandoque

200 1742 279 1786 pulsarit.
305 1742 358 1776 Unde
365 1741 410 1775 talia
422 1742 470 1776 ferre
483 1748 591 1786 nequeuntes
599 1742 680 1784 ulterius,
689 1742 747 1775 coacti
755 1747 796 1775 sunt
804 1754 822 1776 sc
830 1754 841 1776 a
850 1742 927 1777 dominio
938 1750 970 1777 tuo

200 1787 302 1826 subducere,
316 1791 334 1821 et
346 1788 401 1820 alium
414 1787 433 1819 in
449 1798 500 1820 suum
516 1799 578 1832 regem
592 1788 685 1821 advocare.
719 1787 769 1826 Haec,
784 1787 897 1821 dilectissime
909 1789 939 1828 fili,
955 1789 970 1821 si

200 1833 270 1866 veritati
277 1832 364 1872 nitantur,
372 1835 423 1865 tanto
432 1832 515 1865 nimirum
522 1832 616 1865 infestiora
631 1832 696 1865 nostris
704 1832 790 1865 accedunt
798 1832 896 1874 affectibus,
905 1839 969 1878 quanto

201 1877 319 1911 desideramus
327 1875 411 1910 intentius
418 1881 440 1910 ut
447 1877 473 1910 ibi
480 1877 565 1921 prospere
575 1881 638 1910 cuncta
647 1878 715 1911 cedant.
734 1877 788 1910 Circa
794 1877 825 1910 illa
833 1878 901 1911 versari
909 1880 970 1912 sedulo

200 1922 258 1962 debes,
267 1934 288 1955 ea
296 1934 330 1966 que
338 1921 424 1967 promptis
433 1922 524 1955 effectibus
533 1923 602 1966 exequi,
611 1933 648 1966 quae
663 1927 695 1956 tuo
704 1922 739 1955 sint
747 1922 812 1966 placita
821 1922 910 1964 Creatori,
919 1929 935 1957 et
947 1925 969 1957 ab

200 1968 279 2001 omnibus
288 1967 377 2001 obstinere
385 1966 468 2007 sollicite,
476 1979 507 2012 per
516 1979 554 2011 quae
562 1972 626 2001 contra
636 1973 655 2001 te
663 1968 726 2001 debeat
734 1968 828 2011 provocari
836 1968 886 2001 Dens
894 1969 936 2013 ipse,
948 1981 969 2003 ac

199 2013 286 2046 Dominus
294 2013 387 2052 ultionum,
396 2012 427 2056 qui
439 2014 515 2056 gemitus
529 2013 635 2046 afflictorum
649 2012 722 2056 injuste,
730 2012 801 2045 minime
816 2013 897 2057 despicit,
910 2014 969 2059 etqui

199 2063 272 2103 propter
287 2057 383 2101 injustitias
395 2057 485 2101 peculiare
498 2068 549 2090 suum
564 2058 643 2102 dejicisse
658 2057 765 2091 describitur
780 2059 865 2102 populum
879 2063 897 2092 et
912 2063 968 2093 trans-

199 2103 283 2137 lationem
290 2103 353 2136 iecisse
364 2113 468 2146 regnorum.
494 2102 565 2142 Quanto
579 2104 632 2137 etiam
644 2103 784 2141 desiderabilius,
791 2103 818 2135 his
826 2104 925 2148 praesertim
935 2105 969 2137 im-

199 2149 266 2192 pacatis
274 2148 389 2192 temporibus,
398 2148 478 2191 cupimus
486 2152 504 2181 te
517 2148 552 2181 illis
560 2148 635 2182 libenter
642 2148 740 2186 intendere,
748 2158 780 2191 per
789 2159 826 2191 quae
834 2154 908 2181 tuorum
916 2150 970 2182 corda

200 2193 278 2227 fidelium
287 2193 310 2226 ad
318 2197 367 2226 tua-m
380 2193 521 2226 benevolentiam
533 2198 551 2226 et
559 2193 676 2226 obedientiam
685 2193 760 2226 debeant
768 2192 819 2234 allici,
829 2197 847 2226 et
854 2193 886 2226 illa
897 2205 969 2238 prorsus

199 2238 255 2272 vitare
263 2238 327 2283 quibus
334 2238 405 2271 valeant
412 2249 423 2270 a
430 2242 466 2271 tuae
473 2239 522 2271 cultu
530 2238 628 2271 devotionis
636 2238 693 2271 avelli.

224 2289 235 2305 “
243 2284 289 2324 Quia
297 2284 364 2328 utique,
372 2282 404 2321 fiii,
412 2287 444 2316 tua
452 2295 487 2316 non
498 2283 588 2316 modicum
595 2283 675 2324 interest,
683 2282 736 2325 hujus
744 2293 793 2315 novae
801 2282 904 2316 mutationis
912 2284 968 2318 vitare

201 2329 317 2373 dispendium,
332 2328 482 2372 quamplurimum
497 2328 574 2372 expedit,
590 2333 611 2361 ut
626 2328 662 2361 haec
681 2339 717 2360 non
735 2327 849 2371 negligantur
863 2329 969 2363 turbationis

202 2374 261 2407 initia:
274 2385 297 2406 ne
304 2373 340 2406 illis
347 2372 447 2417 periculose
461 2372 580 2406 crescentibus
593 2371 633 2406 sero
646 2372 741 2406 medecina
752 2372 833 2406 remediae
840 2380 968 2418 praeparentur.

201 2418 331 2452 Rxoellentiam
350 2417 418 2462 regiam
438 2418 552 2451 sollicitamus
572 2416 646 2456 attenti,
662 2416 777 2462 presentibus
796 2429 837 2452 sane
856 2418 983 2453 nihilominus·

200 2465 298 2503 suadentes,
307 2467 393 2508 quatenus
407 2462 445 2496 haec
458 2462 542 2507 prudenti
556 2462 669 2497 meditatione
683 2462 800 2503 considerans,
813 2468 832 2496 et
846 2474 886 2496 cum
894 2468 925 2497 tuo
933 2465 967 2498 dis-

201 2514 249 2543 creto
257 2509 333 2543 concilio
341 2508 434 2541 conferens
448 2518 500 2552 super
513 2508 554 2547 illis,
569 2508 617 2542 circa
629 2507 760 2551 premissorum
769 2508 891 2551 gravaminum
899 2521 967 2543 correc-

201 2554 272 2596 tionem,
280 2565 301 2586 ac
314 2553 461 2587 reformationem
474 2552 550 2586 debitam
563 2558 582 2586 et
593 2553 722 2593 festinandis
734 2555 753 2585 et
760 2553 816 2586 modis
824 2553 931 2595 decentibus,
942 2555 967 2588 sic

202 2599 308 2633 sufficientur
316 2598 406 2643 provideri
414 2598 487 2631 mandes
495 2602 512 2632 et
520 2598 581 2637 facias,
587 2598 612 2632 sic
621 2596 745 2631 discriminosis
752 2596 843 2642 principiis
850 2598 869 2630 in
876 2598 910 2631 hirc
917 2605 967 2643 parte

202 2644 270 2678 obstare
278 2655 369 2688 procures,
377 2642 426 2687 quod
435 2648 453 2676 et
461 2644 486 2676 illi
499 2654 531 2687 per
541 2655 594 2687 quem
602 2653 665 2686 regnas
675 2642 745 2685 placere
753 2642 816 2682 valeas,
825 2647 843 2676 et
851 2647 869 2675 te
877 2642 924 2677 iniis
932 2645 966 2678 effi-

202 2689 265 2723 caciter
271 2689 355 2733 implente
364 2689 412 2734 qnod
420 2689 479 2728 debes,
487 2688 565 2732 cujusvis
573 2688 667 2721 adversum
675 2692 693 2720 te
699 2687 753 2730 justae
762 2688 836 2730 querelae
844 2689 919 2721 materia
926 2701 966 2723 con·

202 2733 283 2776 quiescat,
297 2745 328 2778 per
341 2735 388 2778 quod
401 2734 456 2767 iidem
470 2733 568 2778 Hybernici
579 2732 644 2766 saniori
658 2732 707 2765 ducti
720 2732 798 2773 consilio,
807 2733 846 2774 tibi,
858 2737 879 2765 ut
891 2744 939 2767 suam
947 2735 966 2768 in

202 2783 279 2821 apertam
292 2779 403 2822 injustitiam,
416 2783 435 2812 te
449 2780 497 2823 apud
511 2779 572 2811 Deum
586 2782 604 2811 et
617 2777 695 2810 homines
709 2781 797 2818 excusata,
805 2781 916 2811 convertant.
938 2780 966 2815 Ut

202 2827 261 2856 autem
275 2823 296 2855 de
308 2824 396 2867 praedictis
410 2823 542 2868 gravaminibus
558 2827 576 2856 et
592 2822 679 2867 quaerelis,
692 2822 754 2866 quibus
769 2822 850 2866 praedicti
863 2822 966 2859 inninuntur

202 2867 347 2912 Hybernici,tuis
360 2868 438 2903 sensibus
452 2870 564 2903 innotescant
576 2869 600 2901 ad
612 2867 689 2911 plenum,
701 2867 812 2911 praescriptas
825 2868 894 2901 litteras
906 2871 965 2905 missas

202 2911 318 2945 cardinalibus
326 2914 423 2953 antedictis,
430 2925 471 2947 cum
478 2913 536 2947 iormii
546 2914 646 2946 litterarum
660 2923 702 2956 quas
710 2912 806 2956 pr'oedictus
813 2912 911 2954 Adrianus,
921 2927 965 2960 prae.

202 2958 282 2991 decessor
294 2962 359 2999 noster,
366 2958 422 2991 eidem
436 2958 515 2992 Henrico
528 2959 576 3003 Regi
589 2957 657 3002 Angliae
672 2958 693 2991 de
706 2955 755 2992 terri
768 2956 862 3002 Hyberniae
875 2963 964 3003 concessit,

201 3008 236 3037 ture
244 3002 362 3047 magnitudini
369 3002 456 3036 mittimus
464 3004 556 3038 inclusas.''
