2237 3535
70 401 113 429 can
128 387 167 439 vn]
281 400 307 427 on
321 401 385 429 nunno
401 400 523 432 curnoncnu
537 400 645 428 aaronem.
799 389 837 428 157

68 510 131 537 rerum
140 496 259 538 meditationi
274 511 348 540 vacans.
370 497 490 539 O'Donellus
502 497 546 550 (hoc
559 498 638 537 nomine
653 496 742 549 deinceps
752 495 840 537 Rubrum

68 551 192 605 appellamus)
214 552 237 592 de
255 567 307 594 more
324 552 465 608 inauguratus*
483 552 538 592 illum
555 552 591 592 sibi
606 551 730 592 consiliorum
746 552 838 601 omnium,

68 611 125 659 atque
142 607 279 659 cogitationum
293 610 350 650 finem
365 609 472 657 constituit,
487 611 511 647 ut
526 607 614 661 patriam,
625 606 781 660 Catholicamque
796 606 839 647 reli-

67 662 150 715 gionem,
161 661 184 702 ab
194 662 301 716 Anglorum
311 664 378 705 haeresi
387 668 407 705 et
415 662 517 719 tyrannide
533 662 645 711 vindicaret,
662 675 706 702 cum
715 661 739 701 iis
754 662 787 715 qui
802 662 839 715 ipsi

67 716 97 756 vel
106 716 188 768 quadam
198 717 351 760 observantihrel
358 719 437 760 dominii
445 719 488 773 jure
495 717 594 771 parebant,
601 717 674 758 faciens
680 717 838 769 conjurationem.

67 771 96 811 Hi
106 775 159 811 erant
167 771 267 825 Eugenius
277 774 321 815 Mac
331 775 423 815 Srrinnins
434 777 562 827 cognomento
572 772 643 813 Junicr
650 772 738 812 Tuethiae
743 772 838 825 princeps,

66 826 99 878 qui
106 824 147 879 jam
155 841 190 880 pro
209 827 337 882 Hispanorum
354 829 415 870 salute
431 829 566 870 rebellaverat:
581 828 672 868 Donatus
689 827 735 867 Mac
745 827 838 867 Suinnins

66 881 161 921 Banachae
177 883 270 937 princeps,
288 884 356 925 Daniel
371 885 416 925 Mac
426 884 520 924 Suinnius
534 883 613 924 Fanidae
627 883 724 936 princeps,
739 881 838 922 Johannes

66 935 187 977 O’Docharta
202 937 285 979 Inisonae
301 940 396 992 princeps,
407 939 508 980 O'Buillus
519 942 537 978 et
547 939 579 979 alii
597 937 676 978 minoris
692 940 750 987 notae,
768 937 837 990 quihus

65 990 143 1031 minime
153 992 214 1032 dehn't
224 993 337 1034 O'R-uarkus
353 994 476 1034 Oonnachtus
493 993 591 1034 Brethniee
605 993 700 1046 princeps,
711 993 746 1046 qui
759 992 837 1033 oecisia

63 1046 129 1099 reginh
138 1050 191 1100 patre
200 1048 272 1089 nullam
281 1053 364 1101 paternae
373 1049 425 1089 necis
434 1048 548 1089 ulciscendae
555 1049 674 1089 occasionem
683 1048 812 1101 praetermisit.

92 1100 151 1141 Haud
167 1102 242 1143 dubitat
257 1103 375 1144 O’Donellus
392 1103 440 1155 quin
456 1103 513 1143 etiam
522 1103 604 1143 Tirones
615 1118 678 1143 comes
688 1117 723 1156 pro
735 1102 835 1143 Catholioa

62 1155 153 1208 religione
163 1172 214 1198 arma
224 1162 305 1198 sumeret
314 1159 351 1198 nisi
360 1158 435 1210 ingenti
444 1162 498 1197 metu
505 1157 592 1198 Terentii
606 1157 685 1198 O'Nelli
695 1158 833 1211 consanguinei

63 1211 93 1250 sui
108 1211 182 1252 Tironae
198 1213 289 1266 principis
304 1212 442 1266 prohiberetur,
454 1213 487 1264 qui
501 1216 587 1252 ueterum
600 1213 743 1253 inimicitiarum
760 1227 832 1253 memor

61 1264 161 1306 videbator
169 1267 242 1307 nullam
251 1267 414 1320 opportunitatem
423 1266 506 1306 nocendi
516 1267 580 1306 comiti
590 1268 728 1319 praemissurus,
737 1267 831 1322 illumque

61 1319 111 1360 facili
120 1322 197 1373 negotio
207 1322 261 1373 locotl
273 1322 381 1374 dejecturus
394 1324 472 1374 propter
481 1321 649 1374 propensissimam
657 1323 678 1361 in
688 1336 707 1361 se
716 1322 829 1363 Tironornm
840 1332 898 1375 [124]

61 1375 184 1415 voluntatem.
215 1376 277 1419 Quem
287 1376 361 1416 obicem
377 1375 487 1415 removendi
505 1376 585 1428 cupidus
596 1375 715 1416 O'Donellus
726 1376 831 1418 O'Nellum

61 1430 142 1481 primum
152 1430 239 1470 omnium
249 1444 349 1483 aggressus
356 1433 376 1470 et
384 1429 501 1475 trutinent
512 1430 552 1483 ejus
558 1431 685 1484 municipium
690 1431 710 1470 in
717 1431 792 1471 comitis
798 1447 831 1485 po-

60 1488 148 1523 testatem
164 1485 253 1536 redigens
268 1486 289 1524 in
303 1499 382 1538 paruam
397 1484 480 1524 insulam
496 1484 540 1525 lacu
553 1485 648 1525 munitam
663 1485 763 1539 compulit.
791 1486 832 1527 Ubi

61 1537 154 1578 O’Nellus
164 1539 238 1579 medius
247 1540 297 1580 inter
313 1539 443 1580 O'Donellum
454 1543 473 1579 et
482 1540 571 1580 comitem
581 1554 621 1580 sese
636 1541 738 1590 continuit,
749 1540 832 1581 debello

59 1592 107 1632 nihil
117 1607 191 1643 curans,
202 1594 254 1647 quod
263 1594 294 1635 vel
303 1595 356 1635 senio
366 1597 406 1634 erat
420 1594 525 1644 confectus,
535 1595 566 1635 vel
574 1610 586 1635 a
595 1595 672 1636 Tironis
686 1599 752 1636 contra
762 1596 831 1636 (latho-

59 1647 105 1687 licos
120 1663 160 1688 non
175 1648 307 1703 adjuvabatur,
316 1649 347 1689 rel
363 1649 404 1702 ipse
420 1648 530 1690 Catholicus
544 1650 696 1703 protestantibus
710 1665 767 1705 opem
783 1652 831 1692 ferre

59 1702 141 1752 nolebat,
152 1703 213 1745 donec
222 1704 299 1745 biennio
308 1705 383 1745 circiter
392 1707 436 1758 pcst
446 1704 485 1745 uitta
494 1705 552 1745 fuerit
561 1705 671 1751 defimctns.

383 2024 440 2065 OAP.
456 2025 493 2065 VI.

58 2163 99 2195 Mac
113 2161 168 2195 Guier
183 2167 246 2195 contra
260 2162 380 2195 Protestantes
394 2173 443 2195 arma
457 2161 516 2194 sumit.
540 2160 645 2193 Edmundus
659 2159 827 2204 Iberniaeprimasa

273 2207 325 2252 regiis
334 2207 420 2240 occiditur
429 2211 447 2239 ct
455 2207 493 2239 aliae
501 2205 554 2239 variae
562 2217 596 2239 res.
872 2209 874 2212 “

54 2317 85 2357 ἸΝ
95 2318 132 2359 fine
141 2320 224 2372 proximi
240 2321 347 2371 autumni,‡
364 2319 423 2373 Hugo
439 2319 485 2359 Mac
495 2319 555 2359 Guier
571 2318 717 2359 Faramonachae
736 2318 826 2372 princeps

56 2387 107 2413 arma
117 2377 182 2414 contra
198 2378 325 2427 protestantes
341 2375 415 2428 cogitur
425 2388 505 2414 sumere.
534 2373 625 2427 Namque
634 2373 714 2414 Midhiae
728 2373 825 2414 ministro-

55 2428 145 2481 piscopus
160 2430 213 2469 misit
228 2431 338 2471 haereticum
354 2429 531 2470 ministroclericum
547 2429 567 2469 in
584 2429 680 2469 abbatiam
690 2442 732 2481 quae
741 2427 825 2468 Cluenes

55 2482 130 2523 dicitur.
159 2484 189 2524 Ea
198 2488 227 2524 est
236 2486 257 2525 in
266 2486 340 2526 Aurilia
354 2485 462 2539 principatu
477 2498 537 2537 prope
553 2484 599 2524 Mac
608 2484 685 2524 Gnieris
701 2483 754 2522 fines.
783 2483 825 2523 Ubi

55 2538 221 2580 ministroclerieus
237 2555 277 2580 non
291 2541 348 2581 modo
364 2539 445 2580 rusticos
459 2542 478 2578 et
488 2538 579 2591 agricolas
589 2538 671 2579 abbatiae
685 2537 780 2590 subjectos
790 2539 825 2579 sed

55 2592 111 2633 etiam
120 2594 218 2647 proximos
228 2595 273 2636 Mac
283 2596 359 2637 Gm'eris
369 2595 460 2636 obaratos
467 2593 523 2633 variis
530 2592 725 2642 molestiisafficiebat,
736 2592 825 2634 homines

76 2747 84 2762 *
96 2746 137 2790 May
145 2750 161 2789 3,
170 2750 221 2781 1592.
245 2749 271 2781 At
280 2748 409 2783 Kilmaerennn,
434 2749 481 2783 Foar
490 2748 569 2788 masters,
577 2760 594 2793 p.
605 2751 655 2782 1929.

75 2790 88 2833 †
100 2792 149 2826 A.D.
161 2795 211 2832 1592,
219 2793 269 2827 Four
278 2794 360 2834 Masters,
368 2807 385 2839 p.
396 2796 444 2834 1933,
449 2793 482 2826 hut
489 2793 520 2826 the
527 2805 574 2827 same
582 2805 623 2837 year
632 2794 674 2827 Red
682 2793 744 2840 Hugh,
750 2795 768 2829 in
777 2808 824 2831 oom-

53 2844 98 2878 pany
105 2836 147 2870 with
155 2838 184 2871 the
193 2839 238 2871 Earl
247 2839 267 2872 of
273 2839 350 2883 Tyrone,
359 2841 408 2873 made
416 2850 468 2882 peace
481 2838 524 2871 with
537 2838 609 2883 Deputy
623 2838 737 2873 Fitzwilliam
746 2847 765 2874 at
773 2842 824 2875 Dun-

53 2878 109 2956 dabber
124 2882 229 2961 gebp'cpbifor
238 2884 378 2963 diffamet&
391 2884 424 2917 and
439 2883 490 2916 death
506 2884 557 2926 (Dec.
570 2885 587 2924 ῖ,
597 2886 649 2927 1600)
665 2885 686 2918 of
697 2885 739 2920 Red
753 2885 823 2932 Hugh's

76 2968 86 3009 ss
98 2948 146 3014 Jhly,
154 2952 204 3006 Α.Βῖ
212 2940 260 3007 lb93.
284 2954 333 3009 'Fmo
341 2975 421 3014 Mcsters,
430 2985 446 3018 p.
457 2973 505 3010 1937.
