2237 3535
98 349 141 376 cna.
156 334 187 387 rc]
289 350 316 377 nu
330 350 396 379 annuo
411 351 529 382 curuaucru
544 351 653 380 auronum.
829 340 869 380 183

98 446 121 486 de
131 459 168 498 quo
179 446 265 500 superius
275 448 391 490 mentionem
401 449 486 500 fecimus,
497 454 516 490 et
530 449 622 490 aFiacha
639 447 738 488 O’Bruiue
747 446 841 496 occultus,
851 451 870 487 ct

97 501 182 540 nutritus
198 516 237 541 una
252 515 295 542 cum
309 503 366 544 fratre
381 505 486 546 Edmundo
496 520 507 545 a
516 504 583 545 Fiachi
599 503 643 543 filiis
653 503 674 543 in
683 502 755 543 Lisiam
765 502 871 551 mittitur,d

97 555 184 596 nondum
193 560 249 596 aetate
259 557 303 598 satis
312 558 362 599 bello
372 561 477 611 maturusll
489 559 523 600 ubi
530 558 654 600 auxiliaribus
661 556 772 611 gentilibus,
783 560 802 597 et
811 556 871 610 patris
879 560 937 602 [ltu]

97 610 185 651 obaeratis
195 611 273 665 aliquot,
283 611 341 654 Lisiac
347 614 482 669 principatum,
493 615 587 668 majorum
601 627 682 654 suorum
691 611 822 653 haereditatem
831 611 870 652 hae-

97 666 160 705 reticis
177 666 260 706 adimere
273 671 341 709 tentat.
370 670 402 710 Ad
418 670 458 724 ejus
473 684 534 710 novos
550 673 615 710 motus
632 666 778 722 supprimendas
793 666 870 707 obviam

93 722 172 761 veniens
190 721 305 763 Warhamus
322 724 419 766 Salincher
435 725 494 766 Lisia
511 725 613 778 praefectus
632 723 756 777 propulsatur
775 721 869 762 militibus

93 776 167 816 circiter
186 778 295 830 quingentis
309 780 404 826 amissis.†
431 780 463 821 Ex
472 780 496 821 iis
505 794 548 833 quae
557 778 642 820 Russelli
652 783 672 818 et
681 777 768 818 Nonisis
782 780 869 830 tempore

93 832 112 871 in
131 830 209 872 Iberuia
224 836 277 885 gesta
293 838 344 883 sunt,
355 834 397 876 haee
411 835 520 889 perstrinxi,
531 835 563 888 qui
579 834 672 888 quoniam
688 833 753 874 minus
770 832 869 885 auspicato

93 884 164 926 bellum
180 888 341 938 administrabant,
351 889 431 944 imperio
448 896 493 931 sunt
508 890 590 931 abdicati
605 902 714 930 successore
724 887 776 937 dato,
787 891 807 927 et
816 886 868 927 Nor-

93 941 126 981 risi
136 941 278 983 Momoniaram
288 945 399 997 praefectura
406 946 478 994 relicta,
485 959 523 999 quo
529 959 608 985 munere
614 946 697 997 iungens
704 944 755 984 intra
762 942 868 983 triennium

93 1011 150 1049 quam
159 998 320 1051 prcdigiosissime
328 1003 411 1040 mortem
426 1001 519 1053 appetivit
527 1003 545 1051 :ss
560 1014 643 1053 namque
653 999 710 1040 sicuti
720 998 782 1038 fertur
796 997 868 1038 Moalae

95 1051 188 1104 (Mallon)
208 1068 252 1093 cum
266 1058 326 1095 noctu
340 1054 421 1104 luderet,
438 1055 523 1107 qudam,
534 1068 612 1108 corpore
627 1054 751 1106 vestibusque
766 1053 835 1106 Niger,
846 1053 867 1093 in

92 1107 181 1147 conclave
190 1109 292 1162 improviso
305 1109 372 1158 intrat,
383 1123 466 1163 quocum
479 1109 554 1158 Norris,
564 1109 611 1150 ludo
621 1109 694 1158 relicto,
705 1123 745 1148 sese
754 1108 776 1149 in
786 1107 866 1149 cubicu-

92 1161 131 1201 lum
142 1162 220 1212 abdidit,
231 1164 298 1204 amotis
308 1163 385 1204 arbitris
394 1168 462 1218 praeter
471 1178 532 1204 unum
540 1178 621 1217 puerum
631 1164 665 1217 qui
673 1165 728 1218 juxta
738 1164 810 1204 ostium
816 1163 866 1203 elam

92 1217 196 1258 consistens
207 1218 323 1271 colloquium
333 1218 412 1268 audivit,
423 1218 475 1272 quod
485 1219 600 1272 hujusmodo
610 1219 669 1259 fuisse
679 1219 767 1259 traditur.
795 1218 864 1271 Niger,

92 1272 188 1326 ‘Tempus
199 1273 240 1322 estj
250 1273 319 1325 inquit,
338 1276 374 1312 ‘ut
388 1273 495 1313 rationibus
504 1274 574 1313 nostris
585 1287 680 1313 summam
689 1287 769 1313 manum
777 1274 865 1326 impona-

91 1328 146 1367 mus?
177 1327 250 1376 ‘Noh’
260 1328 323 1380 inquit
332 1327 409 1376 Norris,
420 1327 454 1367 ‘id
462 1328 530 1376 facere,
541 1328 602 1368 donec
612 1327 723 1368 Ibernicum
737 1327 810 1367 bellum
820 1342 865 1367 con-

92 1382 163 1423 lectum
180 1382 323 1435 relinquamur!
354 1381 428 1422 ‘Nullo
445 1382 516 1431 modos
526 1383 590 1434 iuquit
598 1382 638 1432 ille,
658 1383 744 1423 ‘diutius
754 1382 865 1436 expectabo,

91 1439 135 1491 quia
144 1438 250 1477 constituta
260 1437 299 1476 dies
306 1438 347 1490 jam
357 1437 427 1477 cessit?
456 1436 505 1477 Mox
515 1437 605 1490 strepitus
614 1438 683 1490 iugens
694 1441 755 1485 sonat,
766 1451 804 1489 quo
818 1438 867 1477 moti

89 1492 162 1532 lusores
172 1495 191 1531 et
201 1491 307 1540 domestici,
318 1505 362 1531 carm
373 1491 484 1532 cubiculum
499 1491 572 1532 foribus
588 1492 670 1532 effractis
687 1492 768 1545 ingressi
776 1492 865 1541 luissent,

90 1546 159 1600 Nigro,
176 1547 210 1599 qui
226 1546 273 1599 quin
287 1546 381 1587 Diabolus
398 1547 456 1587 faerit
470 1561 510 1587 uon
520 1546 625 1597 dubitatur,
636 1546 705 1587 nullibi
721 1551 803 1599 reperto,
813 1546 866 1586 Nor-

89 1602 156 1641 rissem
164 1602 280 1642 invenerunt
290 1601 371 1655 genibus
380 1602 457 1650 flexum,
468 1602 554 1654 colloque
565 1606 584 1642 et
593 1602 666 1643 cervice
675 1603 703 1642 ita
711 1605 791 1651 tortum,
801 1604 825 1641 ut
835 1616 866 1642 oc-

89 1657 142 1710 ciput
152 1657 226 1709 pectori
242 1660 261 1696 et
275 1670 295 1696 os
306 1657 363 1697 dorso
370 1656 484 1707 immineret,
495 1657 529 1697 sed
538 1657 601 1698 adhuc
610 1657 683 1707 vivum,
693 1661 751 1710 atque
764 1656 866 1711 jubentem

89 1716 192 1752 aeneatores
201 1711 289 1752 tibicines
299 1716 318 1752 et
327 1713 453 1766 tympanistas
469 1712 575 1761 convocari,
590 1716 614 1752 ut
630 1712 691 1766 ipsius
707 1717 789 1753 mortem
805 1715 865 1751 cautu

89 1767 212 1817 celebrarent,
224 1766 293 1820 quibus
303 1766 416 1807 canentibus
431 1768 483 1807 intra
493 1767 591 1808 dimidiam
600 1768 667 1808 horam
678 1768 760 1808 animam
770 1766 863 1821 proludit.

88 1821 137 1875 Ejus
147 1837 216 1875 corpus
226 1821 342 1862 aromatibus
352 1826 410 1875 atque
423 1822 579 1875 fragrantissimis
593 1822 686 1862 odoribus
695 1826 782 1863 curatum
790 1822 812 1862 in
822 1822 864 1861 An-

89 1878 147 1931 gliam
162 1878 281 1918 transfertur.
311 1876 374 1920 Quem
392 1892 426 1930 ego
444 1891 510 1917 casum
526 1878 618 1917 memoria
634 1881 721 1930 repetens
731 1877 820 1930 equidem
830 1876 863 1916 de-

88 1933 160 1973 mentia
177 1932 309 1973 haereticorum
325 1931 438 1985 obstupefio,
449 1932 535 1981 cadaver,
545 1932 630 1972 hominis
646 1933 700 1986 impii
710 1932 782 1972 honore
791 1945 862 1984 magno

89 1988 199 2037 colentium,
209 2001 262 2028 sacra
271 2001 315 2027 vero
325 1986 413 2026 divorum
422 1990 528 2040 martyrum
537 1987 637 2027 inhumata
643 1986 791 2041 projicientium.
805 1986 863 2026 Licet

88 2044 145 2083 etiam
155 2042 220 2096 colligi
230 2045 320 2095 quantam
325 2042 380 2082 Deus
388 2042 472 2094 optimus
481 2041 575 2081 maximus
585 2041 670 2081 O'Nellc
680 2041 774 2095 praeliauti
784 2055 862 2094 operam

89 2098 160 2147 tulerit,
173 2099 206 2151 qui
215 2112 256 2138 non
265 2097 322 2137 modo
331 2096 447 2145 Norrissem,
458 2097 592 2149 peritissimum
603 2096 712 2149 Anglorum
721 2096 862 2149 imperatorem,

89 2153 141 2192 omni
150 2152 251 2206 pugnandi
260 2156 352 2206 apparatu
361 2152 484 2205 superiorem,
491 2165 541 2204 saepe
550 2151 686 2204 profligaverit,
695 2150 727 2191 sed
733 2151 798 2204 ipsum
804 2151 862 2191 etiam

87 2206 197 2257 Diabolum,
209 2208 242 2261 qui
251 2207 280 2247 illi
289 2222 312 2248 ex
322 2210 378 2261 paeto
387 2207 445 2246 luisse
456 2206 560 2259 opitulatus
570 2206 659 2255 creditur,
670 2206 742 2246 vicerit.

111 2380 118 2396 ⁸
131 2379 234 2423 According
242 2383 260 2411 to
268 2378 298 2412 the
307 2379 357 2413 Four
366 2378 447 2416 Masters,
458 2377 513 2411 Owen
521 2377 562 2411 Mac
568 2378 620 2422 Rory
630 2377 715 2411 O’Moore
722 2377 758 2411 had
765 2380 862 2413 recovered

88 2423 115 2457 his
122 2424 208 2469 territory
216 2424 250 2457 and
258 2423 302 2457 slain
309 2424 340 2458 the
348 2428 384 2457 two
393 2423 464 2457 Gosbies
472 2422 533 2456 before
540 2422 570 2455 the
579 2422 632 2456 death
644 2422 666 2456 of
675 2423 731 2456 Fiach
744 2422 833 2468 O'Byrne‚
842 2436 860 2468 p.

89 2469 146 2510 200st
159 2469 196 2502 also
204 2469 300 2513 Dowliag's
314 2469 386 2503 Annuls.

111 2517 121 2558 †
133 2514 224 2559 Probably
231 2514 261 2547 the
269 2514 324 2549 battle
332 2513 442 2548 reeordedin
449 2512 480 2545 the
488 2512 537 2545 Four
543 2512 620 2546 Masters
625 2511 686 2545 before
691 2512 743 2552 June,
751 2512 800 2546 Am.
810 2516 861 2554 1598,

87 2559 105 2593 in
113 2560 171 2593 which
179 2562 213 2593 410
221 2559 300 2601 soldiers‚
306 2560 360 2604 lately
369 2558 438 2593 arrived
445 2557 492 2590 from
500 2557 589 2601 England,
597 2568 644 2591 were
652 2557 696 2590 slaiu
708 2568 731 2590 on
742 2557 772 2591 the
785 2558 861 2592 borders

87 2605 108 2638 of
113 2605 201 2638 Leiuster.
216 2605 266 2649 They
270 2605 334 2638 lauded
342 2610 361 2638 at
369 2605 484 2649 Dungarvau,
490 2602 524 2635 and
529 2613 574 2635 were
581 2602 673 2646 marching
681 2607 699 2635 to
707 2602 758 2635 assist
768 2603 860 2638 Ormonde

86 2650 105 2683 in
113 2651 140 2683 his
148 2651 249 2694 expedition
257 2650 326 2694 against
334 2650 386 2684 Leix.

109 2697 119 2738 ‡
131 2695 182 2729 A.D.
194 2698 243 2734 1597,
252 2699 331 2729 autumn.
355 2694 446 2729 Lomhard
451 2691 537 2726 describes
543 2691 569 2724 his
576 2691 634 2731 death,
640 2703 657 2735 p.
666 2691 706 2731 397,
714 2691 746 2725 but
760 2693 803 2727 with
814 2706 861 2729 none

86 2740 107 2772 of
113 2741 143 2773 the
152 2741 287 2784 extraordinary
296 2741 358 2774 details
372 2741 423 2785 given
437 2739 485 2771 here.
510 2736 543 2769 His
556 2737 621 2770 wound
629 2747 683 2770 never
690 2737 777 2781 perfeetly
791 2739 861 2780 healed,

85 2786 120 2818 and
133 2787 228 2819 concealed
242 2786 320 2831 through
333 2786 391 2830 pride,
405 2783 489 2827 suddenly
500 2781 588 2815 mortified
603 2781 637 2814 and
644 2782 722 2815 reduced
730 2782 757 2816 his
765 2784 813 2829 body
822 2789 842 2818 to
850 2797 861 2819 a

85 2840 131 2863 mass
140 2830 161 2863 of
166 2831 291 2875 putrefaction,
314 2831 337 2864 In
346 2830 435 2875 Belgium,
443 2828 493 2861 when
505 2826 627 2871 commanding
635 2826 665 2859 the
677 2827 754 2872 English
763 2834 831 2875 troops,
839 2831 861 2864 he

86 2873 180 2951 haldrffied
194 2877 224 2909 the
238 2876 329 2910 eathedral
343 2876 364 2909 of
376 2873 459 2912 Mechliu,
474 2871 567 2916 destroyed
579 2871 610 2905 the
618 2871 677 2905 shrine
685 2873 719 2907 and
732 2876 822 2909 seattered
830 2876 860 2909 the

87 2919 139 2951 reios
148 2920 168 2952 of
175 2920 202 2955 St.
210 2921 296 2955 Rumold.
