2237 3535
84 405 127 434 car.
142 391 192 447 xm]
308 407 335 434 ue
350 407 414 435 annno
430 406 548 447 curnuncrrr
562 404 672 433 auronum
817 394 856 434 169

83 502 170 555 equitum
179 506 247 544 turma
256 506 307 555 tres,
323 505 392 559 quibus
401 505 514 546 Focllurtus
530 503 607 556 Anglus
617 502 721 555 imperator
731 503 855 556 praeponitur.

82 556 160 598 Ducum
170 559 277 599 cohortium
287 561 382 601 notissimi
392 564 446 602 erant
455 559 527 600 Dudus
539 557 703 611 Angla-Ibernus,
714 557 775 611 Hugo
785 564 805 599 et
815 558 856 599 Gu-

81 611 157 652 lielmus
168 613 280 654 lllcsthenes
290 616 354 669 Anglo
363 621 419 670 patre
428 620 447 655 et
456 614 529 654 Ibernt
545 618 606 653 matre
623 613 671 661 nati,
683 613 779 667 Georgius
795 613 855 667 Bing-

81 666 149 707 hamus
164 667 238 717 Junior,
254 673 273 709 et
290 670 367 712 Minthe
382 670 449 723 Angli.
479 669 507 709 Hi
515 667 608 722 jubentur
618 672 746 708 commeatum
755 668 825 709 inferre
834 670 856 709 in

80 721 183 762 Bellilriam
193 723 296 766 Castellum
316 726 370 779 (Beal
389 726 445 778 tiri),
466 725 504 776 qua
524 723 547 764 de
564 737 584 763 re
601 723 670 763 certior
688 724 750 763 faetus
770 724 856 764 Calcaria

80 777 184 829 majoribus
204 780 277 820 auxiliis
296 780 319 821 ab
339 780 447 822 O'Dcnello
466 779 537 828 missis,
557 792 601 819 cum
615 776 710 818 militibus
728 778 781 819 mille
797 778 854 819 Fool-

80 831 132 872 lurto
141 833 204 886 pergit
215 833 289 875 obviam
303 836 324 876 111
337 837 429 877 itinerum
444 834 539 888 angustiis
548 833 604 882 illum
613 833 730 881 adoriturus²
740 837 759 873 et
770 847 793 873 ex
803 848 854 874 com-

80 886 137 927 modo
147 894 274 941 pugnaturus.
302 891 414 931 Foollurtus
424 890 504 943 angulo
515 903 614 930 murorum
630 888 734 942 profectus
745 892 764 928 et
779 889 854 930 circiter

79 941 149 995 viginti
164 944 223 985 millia
238 959 329 998 passuum
346 946 449 995 dimensus,
459 959 494 998 per
510 958 566 997 agros
583 943 638 984 tactis
653 943 796 985 incursionibus
814 945 854 998 agit

80 997 171 1049 praedam.
200 999 254 1040 Inter
264 1001 389 1054 praedandum
404 1000 474 1041 milites
485 1014 533 1053 quos
542 999 629 1040 calvare
638 999 762 1053 praemiserat,
772 1001 853 1053 sparsim

80 1055 137 1105 atque
146 1068 195 1107 vage
203 1055 344 1096 incurrentibus
360 1056 418 1109 regiis
428 1055 480 1095 obvii
488 1055 535 1095 iacti
544 1055 618 1094 circiter
633 1054 732 1107 sexaginta
745 1054 851 1095 trucidant.

79 1106 147 1147 Praedat
166 1113 229 1149 tamen
248 1112 363 1164 congregata
381 1109 492 1151 Foollurtus
508 1109 586 1150 Vadum
601 1110 648 1149 corii
664 1109 720 1161 (Beal
734 1124 759 1150 an
775 1110 810 1150 tha
826 1125 851 1150 an

78 1160 164 1215 leatlrair)
183 1165 286 1218 trajecerat,
303 1166 404 1218 copiasque
421 1163 542 1205 distribuerat
558 1164 579 1203 in
596 1165 672 1216 agmina
687 1164 731 1213 duo,
741 1165 792 1205 inter
807 1177 850 1218 quae

78 1218 167 1268 praedam,
178 1224 310 1268 commeatum,
322 1224 341 1260 et
350 1220 423 1273 reliqua
431 1219 569 1271 impedimenta
577 1218 640 1258 media
650 1219 718 1271 agebat
723 1236 730 1268 3
745 1220 786 1272 ipse
795 1220 850 1260 fami-

78 1270 156 1313 liaribus
173 1275 280 1323 comitatus,
298 1279 391 1327 tanquam
407 1287 449 1314 arce
458 1273 545 1312 munitus
562 1273 636 1312 medius
649 1273 697 1313 iens.
726 1273 766 1313 fflc
780 1275 850 1315 accolae

77 1331 154 1380 propter
170 1329 253 1381 praedam
269 1329 338 1368 irritati
348 1333 367 1368 et
376 1329 446 1368 milites
455 1342 467 1367 a
476 1326 562 1367 Calcaria
571 1327 663 1379 praemissi
672 1327 775 1380 improviso
786 1343 809 1368 er
818 1330 849 1369 iti-

76 1394 121 1421 nere
131 1382 193 1422 adorti
201 1384 222 1423 in
230 1383 368 1436 impedimenta
384 1383 466 1430 irruunt,
481 1395 549 1421 vaccas
565 1382 639 1434 fugant,
650 1382 732 1421 sarcinas
749 1382 848 1436 diripiimt,

77 1440 204 1477 commeatum
213 1451 263 1490 pene
279 1441 342 1477 totum
353 1437 448 1486 auferunt,
458 1435 581 1475 Fcollurtum
589 1434 656 1475 multis
671 1436 782 1477 vulneribus
791 1439 849 1478 confi-

77 1490 137 1540 ciunt,
149 1505 226 1544 seseque
240 1492 336 1544 recipiunt
345 1492 366 1531 in
375 1495 447 1541 tutum,
456 1490 528 1530 trustra
537 1489 664 1530 renitentibus
672 1490 703 1539 iis,
713 1492 747 1543 qui
757 1506 781 1531 er
790 1494 849 1545 agmi-

76 1544 133 1584 nibus
149 1546 278 1586 aceurrebant.
308 1546 357 1586 lude
371 1546 420 1599 regii
433 1547 547 1598 imperatore
557 1547 576 1585 et
586 1549 694 1585 commeatu
708 1547 777 1586 amisso
787 1549 849 1588 mesti

76 1599 97 1638 in
106 1599 217 1640 lniscucam
226 1605 303 1641 vastum
312 1605 359 1642 tunc
375 1607 433 1654 atque
448 1600 544 1640 desertum
554 1614 626 1653 pagum
636 1614 676 1640 sese
686 1601 800 1652 conferunt3
815 1602 850 1643 ubi

76 1654 123 1694 dum
132 1655 196 1695 triduo
206 1669 226 1695 se
236 1656 259 1696 ab
269 1656 337 1696 itinere
353 1656 447 1705 reficiunt,
456 1655 522 1695 inediti
537 1658 664 1704 macerantur,
679 1655 753 1708 exiguis
769 1656 849 1698 biscocti

76 1709 131 1761 panis
141 1710 242 1763 congiariis
252 1715 271 1751 et
281 1712 331 1764 aqut
340 1711 432 1751 virentes.
462 1709 512 1753 Cuae
522 1709 569 1750 dum
578 1709 685 1763 agebantur
694 1710 708 1749 J
709 1711 793 1751 ohannes
803 1712 849 1753 Mac

76 1763 175 1805 Kinuilius
183 1769 226 1818 post
233 1769 369 1818 consumptum
380 1768 507 1806 commeatum
521 1764 625 1805 herbarum
633 1764 685 1805 loliis
694 1769 751 1818 atque
762 1766 848 1808 caulibus

75 1818 188 1872 aliquandiu
205 1820 275 1860 famem
294 1821 394 1870 toleravit3
417 1819 486 1873 quibus
506 1820 584 1860 tandem
600 1819 679 1860 minime
695 1821 848 1874 suppetentibus,

75 1873 140 1914 inedita
150 1875 268 1915 excruciatus
278 1889 319 1915 sese
333 1875 425 1915 Calrariae
441 1874 520 1915 arbitrio
529 1874 622 1927 permisit.
652 1874 677 1914 Id
687 1875 749 1916 edocti
759 1877 807 1930 regii
817 1891 848 1917 ex-

75 1929 144 1969 ercitiis
155 1929 212 1970 duces
222 1930 259 1970 alit
269 1930 299 1970 ria
315 1933 436 1970 revertuntur
451 1929 475 1969 ad
484 1930 532 1969 fines
541 1928 647 1969 Tlreobaldi
662 1929 724 1970 Burlri
734 1932 847 1984 cognomine

75 1982 154 2024 Navalis
167 1984 258 2037 (Teaboid
266 1999 292 2024 na
300 1985 363 2038 tuing)
375 1984 419 2025 ltan
428 1983 473 2023 lllac
483 1983 577 2024 Williami
583 1984 702 2038 principatts
710 1987 846 2038 competitoris,

75 2039 108 2089 qui
117 2040 179 2092 magis
188 2039 223 2080 raa
234 2040 356 2079 contentione
366 2042 385 2079 et
394 2039 484 2080 Calvariae
499 2038 543 2078 odio
554 2039 611 2091 quam
625 2040 773 2092 protestantium
783 2055 847 2081 amore

74 2092 95 2131 in
118 2095 190 2147 reginae
213 2094 298 2134 amicitit
321 2108 394 2147 semper
417 2093 493 2134 mansit.
532 2093 643 2133 Redeuntes
662 2094 714 2146 apud
732 2094 846 2136 Nevirnum

75 2146 192 2189 Oneautium
201 2153 288 2190 montem
297 2148 397 2202 (Nebhinn
407 2147 517 2200 onneabhli)
529 2148 615 2188 Calcaria
624 2149 741 2189 nanciscitur
750 2150 799 2190 horat
808 2150 846 2191 diei

77 2202 152 2244 circiter
169 2204 256 2258 septimt,
271 2207 291 2244 et
307 2217 366 2258 usque
383 2204 407 2244 ad
424 2203 511 2256 quintam
525 2202 675 2256 pomeridianam
685 2204 776 2256 sequitur,
792 2219 845 2246 nunc

75 2257 157 2306 eminus,
168 2273 220 2299 nnnc
227 2260 314 2299 eominus
324 2259 442 2300 continenter
455 2272 552 2311 pugnans.
581 2257 674 2298 Catholici
683 2258 781 2299 interiores
791 2264 846 2300 erant

74 2324 161 2361 numero,
178 2317 243 2354 tamen
259 2314 344 2355 Ibemici
358 2312 492 2362 bombardarii,
508 2316 527 2352 et
537 2313 590 2353 Scoti
599 2313 692 2365 sagittarii
701 2313 724 2353 ab
735 2313 845 2355 C’Donello

74 2366 128 2406 missi
143 2367 192 2407 mirat
208 2368 320 2410 dexteritate
333 2369 396 2422 jactus
406 2367 539 2409 collineabant.
557 2367 617 2421 Angli
633 2382 672 2420 prae
686 2367 741 2417 tame,
752 2383 777 2408 ne
787 2371 845 2410 armis

73 2421 152 2473 quidem
167 2423 285 2465 sustinendis
303 2428 356 2465 erant
371 2424 448 2473 idcnei3
463 2423 519 2462 etita
529 2437 561 2463 eos
571 2437 594 2463 err
604 2421 703 2462 ordinibus
719 2427 814 2464 extractos
823 2426 845 2465 in

73 2476 225 2518 commilitonum
242 2483 347 2534 conspeetu
360 2478 427 2520 lberni
440 2477 562 2532 jugulabant.
598 2476 629 2517 Ob
648 2477 669 2517 id
688 2477 754 2518 lherni
772 2479 845 2532 reginae

73 2530 184 2584 stipendiati
193 2537 212 2573 et
221 2548 256 2587 pro
266 2549 287 2574 se
297 2539 316 2575 et
325 2549 359 2588 pro
377 2534 431 2575 sociis
446 2532 516 2586 Anglis
526 2532 650 2572 defendendis
665 2532 723 2586 duplo
732 2533 794 2585 majus
804 2548 844 2575 cer-

72 2588 136 2627 tamen
145 2587 226 2628 inibant.
254 2588 285 2629 Eo
295 2590 326 2630 die
335 2589 393 2631 occisi
409 2591 453 2629 sunt
463 2601 485 2627 er
500 2587 558 2640 regiis
575 2587 715 2639 quadringenti,
727 2588 779 2629 inter
796 2603 844 2641 quos

73 2639 143 2682 Dudus
158 2642 240 2684 Ibernns
258 2647 276 2684 et
292 2645 371 2686 Miuclre
386 2642 461 2697 Anglus
476 2641 626 2682 succubuerunt.
655 2641 758 2682 Catholicis
767 2644 845 2686 nullum

73 2697 195 2738 memorabile
204 2699 296 2739 damnum
312 2700 386 2740 illatum
396 2699 453 2740 tuisse
463 2696 533 2749 accepi.
563 2696 619 2736 Brevi
628 2699 672 2748 post
683 2697 723 2736 haee
734 2696 844 2741 O'Dcnello

73 2751 159 2803 authore,
169 2753 255 2794 Calcaria
271 2758 345 2795 creatur
359 2755 405 2796 Mac
413 2752 522 2793 Williamus
531 2751 642 2805 pdnecpsjt
652 2765 690 2804 quo
699 2752 778 2794 nomine
788 2754 844 2797 nobis

73 2817 149 2859 quoque
159 2808 247 2862 deinceps
257 2809 374 2863 vocabiturtl

96 2972 103 2987 '¹
111 2970 216 3015 December,
226 2979 276 3011 1595.
302 2979 350 3013 Fau
357 2977 438 3016 illectam,
446 2988 464 3022 p.
475 2978 525 3010 lasa.

186 3031 210 3069 0.ss
