2237 3535
273 381 313 421 171
406 381 540 421 o’suuunvuur
554 391 656 420 rrrsrourru
666 390 791 427 carnonrcn,
802 390 849 419 rou.
865 389 898 417 111.
946 375 996 428 [um.
1011 388 1045 415 111.

271 494 382 536 desideratis
398 494 491 536 Catholici
507 491 563 547 pauci
580 495 625 533 sunt
640 491 751 532 vuueribus
765 492 840 532 affecti:
855 505 921 532 eorum
930 488 995 531 nullus
1005 503 1044 529 mc-

270 550 368 591 morabilis
377 564 468 591 numerus
477 549 557 588 occisus.
585 547 666 588 Postero
673 545 703 587 die
709 546 823 587 redeuntem
832 546 938 595 Norrisem,
944 549 964 585 et
972 544 1045 585 nitrato

271 604 349 659 pulvere
358 620 399 646 nou
408 605 453 645 satis
463 602 596 643 abundantem
603 601 699 642 O’Nellus
709 604 787 640 secutus
796 601 821 641 ad
830 602 888 643 Viam
897 600 978 642 Finnuis
986 600 1044 639 infes-

272 660 310 700 tius
325 661 420 701 occurrit:
435 658 469 698 ubi
485 657 614 698 O’Hanlonus
631 670 718 698 summus
736 656 830 696 exercitus
843 658 892 711 regii
901 656 981 710 signiter
990 668 1045 695 crure

271 714 388 764 vulneratur,
398 717 417 754 et
427 713 458 753 alii
475 712 578 766 glandibus
591 711 688 766 plumbeis
697 709 782 752 confossi
796 711 874 752 cadunt.
903 710 1045 752 Munichanurn

272 784 339 818 arcem,
357 782 414 821 quam
429 767 491 808 tribus
506 767 593 821 peditum
610 765 728 814 cohortibus,
739 769 758 805 et
773 765 860 818 equitum
876 771 940 807 turma
955 765 1045 807 Hinchus

272 824 346 877 rtnglus
356 823 440 873 tenebat,
449 822 515 863 inedia
525 826 601 863 coaetus
612 821 687 862 dedidit
693 822 713 862 :r
721 821 763 874 ipse
773 834 797 860 eu
806 825 863 873 pacto
869 821 971 863 incolumis
981 819 1045 861 dimit-

271 879 324 919 titur.

595 1118 653 1160 GAP.
669 1117 710 1159 III.

350 1241 372 1274 In
381 1241 486 1275 Gonnachta
498 1242 541 1275 duas
549 1253 598 1276 arces
606 1242 671 1287 Anglis
679 1243 769 1287 ademptas
779 1243 866 1276 Catholici
874 1246 953 1276 tuentur.

270 1350 322 1390 Huc
333 1349 410 1390 durnin
426 1350 448 1389 ea
464 1348 550 1389 Ultoniae
566 1354 625 1404 parte,
636 1365 680 1405 quae
694 1351 792 1392 Midlriam
808 1351 903 1405 contingit
920 1354 939 1391 et
954 1350 1046 1403 Angliaru

271 1405 348 1459 respicit
364 1405 415 1444 inter
431 1403 537 1444 O'Nellum
546 1409 565 1445 et
574 1405 675 1447 Norrisem
690 1411 789 1461 geruntur,
800 1406 859 1447 altera
873 1419 951 1460 quoque
962 1406 1046 1446 Ultoniae

271 1475 314 1513 pars
324 1473 368 1513 quae
378 1459 402 1500 ad
411 1458 544 1499 Connachtam
560 1460 642 1514 pertinet
652 1462 722 1516 etipsa
739 1461 850 1502 Oounaohta
864 1476 898 1515 per
915 1460 1046 1502 O'Donellum

272 1519 292 1555 et
301 1514 420 1555 bichardum
429 1513 561 1566 Binghamum
569 1516 648 1556 minime
658 1518 703 1556 satis
713 1520 753 1557 erat
763 1521 835 1570 pacata.

299 1570 325 1610 In
341 1568 454 1609 Oonnachtt
469 1568 564 1622 Georgius
580 1570 701 1624 Binghamus
718 1571 789 1611 Juuior
805 1571 913 1624 Sligaeham
930 1585 991 1611 arcem
1001 1584 1046 1611 oum

271 1624 368 1678 peditibus
379 1624 472 1673 ducentis,
483 1636 566 1676 quorum
574 1639 618 1678 pars
628 1629 682 1666 erant
691 1626 764 1675 Iberni,
770 1625 854 1666 tenebat.
883 1626 908 1666 In
916 1640 954 1679 qua
963 1624 1046 1678 praesidii

271 1680 328 1720 causa
337 1678 404 1719 relicto
414 1677 480 1731 Ulligo
490 1678 558 1718 Burlro
567 1680 676 1731 Raymundi
691 1681 732 1721 filio
742 1680 803 1721 nobili
812 1680 884 1720 lberno
894 1695 938 1728 cum
947 1684 1001 1733 parte
1010 1680 1047 1720 mi-

270 1734 333 1782 litum,
343 1733 385 1786 ipse
402 1746 446 1773 cum
457 1734 530 1773 caeteris
547 1735 567 1774 in
586 1734 684 1775 Ultoniam
693 1735 769 1775 duobus
779 1735 868 1788 phasellis
878 1739 945 1775 vectus
954 1734 1045 1775 Rathme-

269 1789 346 1834 lanemt
361 1787 489 1841 municipium
506 1787 551 1828 Mac
569 1789 646 1830 Suinuii
660 1790 735 1839 Fanidi,
754 1791 788 1843 qui
802 1793 849 1830 tunc
865 1789 936 1839 aberat,
953 1789 1046 1830 invadens

270 1842 407 1884 monasterium
416 1841 560 1883 carmelitarum
570 1844 641 1897 diripit,
652 1844 746 1898 religiosis
755 1846 776 1885 in
786 1859 847 1885 arcem
856 1845 935 1898 fugatis.
958 1844 1046 1885 Onustus

271 1899 336 1952 praedat
353 1897 462 1951 Sligacham
478 1899 585 1939 revertitur.
614 1898 665 1939 Cum
681 1899 796 1940 divideretur
812 1899 882 1954 praeda,
892 1900 963 1940 milites
978 1899 1046 1940 Iberui

269 1955 312 2005 jure
322 1967 358 1993 suo
367 1952 451 1992 fraudati
460 1951 527 2006 Ulligo
533 1953 634 1995 videntur:
651 1955 685 2008 qui
694 1969 739 1996 oum
748 1955 817 1995 iisdem
826 1955 872 2008 agit,
883 1954 1045 2009 quemadmodum

270 2008 376 2062 Binglrami
386 2011 405 2047 et
415 2007 524 2068 hnglorum
537 2008 616 2061 injurias
630 2010 753 2051 ulciscantur.
782 2010 840 2050 Diem
850 2011 889 2063 quat
898 2009 997 2050 castellum
1006 2009 1046 2049 illis

205 2087 261 2129 [¹4⁰³
270 2063 503 2159 tltthttttllt
513 2063 604 2159 ltttt
618 2064 1046 2160 tttttttttttttttttttt

271 2133 351 2214 salulem
361 2175 448 2226 petentes
459 2132 562 2213 ddastpatde
571 2173 666 2226 religiosae
676 2151 745 2215 domlrs
755 2151 899 2214 Garmelitarum
908 2150 974 2227 poenas
988 2133 1045 2214 saergi-

268 2228 314 2282 legii
330 2229 429 2278 luerunt.‡
458 2229 500 2268 Arx
510 2228 633 2269 O'Donnello
650 2229 738 2278 traditur,
749 2228 812 2282 quiin
822 2227 942 2282 edUllr'gum
955 2228 1044 2282 praesidio

268 2284 360 2337 praefecit.
391 2282 431 2322 Sub
446 2282 498 2322 idern
515 2296 591 2336 quoque
606 2287 684 2337 tempus
698 2284 843 2323 Baleanmotam
852 2283 951 2324 castellum
961 2284 1045 2337 Georgio

267 2339 377 2392 Binghamo
387 2337 454 2390 majori
463 2338 608 2388 Tumultachus
619 2343 639 2378 et
649 2338 740 2379 Guthalus
750 2337 796 2377 Mac
805 2336 902 2379 Donaebae
912 2339 1016 2392 eripiuntd

298 2394 395 2447 Sequente
411 2395 523 2445 autumnat!
542 2394 578 2434 sub
596 2393 647 2446 quod
657 2396 734 2446 ternpus
749 2392 818 2432 Norris
828 2407 872 2433 curn
881 2393 965 2434 O'Nello
979 2394 1045 2433 minus

268 2462 359 2503 prospero
375 2450 436 2488 marte
452 2448 557 2496 contendit,
567 2448 675 2489 Richardus
685 2447 806 2500 Bingharnus
816 2448 839 2488 ad
849 2448 957 2502 Sligacham
965 2462 1044 2501 recupe-

267 2504 354 2553 randam,
364 2506 384 2543 et
393 2501 451 2543 occisi
460 2504 597 2557 consanguinei
605 2517 673 2557 poenas
687 2503 711 2543 de
721 2501 788 2556 Ulligo
802 2503 902 2544 sumendas
912 2504 957 2544 facit
967 2503 1044 2555 expedi-

290 2611 298 2627 ¹‘
310 2607 415 2651 According
422 2611 441 2641 to
450 2607 526 2652 English
540 2612 625 2643 accounts
638 2607 742 2652 Mcnaghau
754 2616 789 2639 was
797 2607 887 2651 surprised
899 2608 922 2652 by
937 2608 1045 2649 O’Dounell,

270 2655 310 2689 Mac
318 2653 391 2692 Mahon‚
398 2652 433 2685 and
440 2665 451 2686 a
459 2664 491 2686 son
500 2653 520 2686 of
527 2653 610 2691 O'Neil's,
620 2653 667 2686 after
676 2664 686 2685 a
693 2657 745 2686 truce
752 2651 788 2684 had
795 2651 838 2686 been
846 2652 945 2686 concluded
952 2653 999 2687 from
1009 2655 1043 2689 Oc-

269 2700 319 2733 tober
328 2699 351 2735 27
359 2703 378 2732 to
386 2698 467 2742 ‹lanuary
476 2700 491 2731 1.
518 2699 558 2737 Coc,
564 2711 582 2744 p,
591 2701 632 2732 498,

291 2746 300 2786 †
313 2744 361 2787 May,
371 2744 422 2781 1595,
428 2743 476 2777 Fcur
484 2744 586 2788 Martemp.
598 2745 648 2777 1969.

292 2790 302 2831 ss
313 2789 367 2827 June,
377 2790 428 2821 1595.
453 2788 502 2821 Four
510 2789 594 2828 Musteus,
602 2800 620 2832 p.
630 2787 679 2823 1973.

292 2835 301 2875 ξ
313 2834 344 2868 All
353 2832 414 2866 North
423 2832 530 2878 Oonnaught
537 2845 577 2867 rose
585 2834 621 2867 aad
629 2831 687 2866 seized
695 2842 716 2865 or
727 2830 820 2875 destroyed
827 2832 857 2866 the
866 2831 942 2875 encmy's
949 2831 1018 2872 castles,
1027 2844 1043 2877 p⁴

271 2880 313 2914 1975
321 2892 326 2920 ;
339 2878 372 2910 but
380 2877 479 2922 Ballyroote
486 2890 523 2912 was
531 2882 563 2911 not
571 2879 625 2912 taken
632 2876 679 2911 until
686 2877 765 2920 August,
774 2878 823 2917 1599,
831 2889 848 2922 p.
857 2878 891 2912 aot
892 2879 909 2909 5.

294 2924 299 2966 ll
312 2923 357 2956 This
365 2923 406 2956 date
420 2924 471 2956 tends
479 2928 499 2956 to
513 2924 587 2968 identify
595 2934 629 2956 our
644 2921 723 2956 author’s
732 2920 837 2956 Olontubrid
848 2921 892 2956 with
907 2920 937 2954 the
950 2922 1006 2956 battle
1015 2923 1044 2956 de-

270 2967 339 3001 scribed
347 2968 369 3011 by
377 2968 407 3001 the
415 2967 465 3001 Four
474 2969 557 3009 Masters,
565 2980 582 3013 p.
593 2968 643 3004 1971.
670 2968 710 3007 Coa,
719 2977 736 3010 p.
745 2965 786 3003 407.
