2237 3535
292 416 332 455 158
423 415 556 456 o'suuurranr
571 427 672 455 nrsrourar
687 428 811 466 carnosiora,
825 429 872 457 ron.
884 428 916 457 nr.
972 416 1021 469 [rra.
1035 427 1059 455 rr.

292 522 401 563 Catholioos
416 521 439 562 ad
448 523 546 563 haereticas
556 519 676 561 caeremonias
690 519 760 560 invitos
770 522 863 575 cogendo,
872 520 1017 574 resistentesque
1027 536 1060 575 pa-

292 578 366 632 pisticae
383 576 416 624 (sio
431 580 559 628 protestantes
574 574 688 628 loquuntur)
705 573 759 628 legis,
770 579 789 615 et
805 577 909 631 majestatis
918 576 967 617 laesae
982 577 1060 617 crimine

292 630 425 677 insimulando,
433 635 491 685 atque
500 631 594 673 mulotitia
603 629 684 683 pecunia
693 629 800 682 plectendo,
811 635 830 671 et
839 633 860 672 in
869 633 946 672 miseras
955 645 1060 686 pauperum

292 688 378 728 fortunas
394 684 459 726 hiante
469 701 501 728 ore
516 688 608 741 impetum
624 683 716 725 faciendo.
745 684 805 737 Cujus
819 686 889 739 piaculi
898 701 972 740 paenam
982 684 1060 726 minime

293 742 333 782 sero
343 740 384 788 luit,
396 739 473 781 durnin
482 742 555 783 aedibus
571 741 611 781 suis
627 743 684 780 nocte
700 739 831 790 comburitur3
846 742 901 795 cujus
917 743 945 783 rei
961 741 1060 783 authorem

292 797 350 837 tuisse
360 795 405 835 Mae
416 795 495 838 Guirem
511 796 571 850 Angli
581 798 665 848 arguunt
674 797 694 834 et
702 793 723 834 in
738 794 770 848 jus
785 799 859 845 vocant,
873 811 955 850 cumque
970 797 994 837 ad
1010 796 1061 836 diem

292 851 365 890 dictum
380 864 400 890 se
416 851 437 891 in
451 851 524 905 judicio
541 865 581 892 non
594 849 679 898 stitisset,
690 848 740 890 diem
750 849 774 889 de
784 849 814 889 die
830 864 864 903 per
872 851 1014 892 frustrationem
1025 850 1060 890 dit-

291 906 359 954 ferens,
370 906 463 946 exercitus
474 906 518 956 duo,
529 906 563 960 qui
571 904 626 945 illum
635 904 667 944 vel
675 904 763 945 vinetum
775 904 852 945 trahant
867 906 898 945 vel
908 906 963 947 bonis
972 905 1061 947 omnibus

291 963 368 1009 exuant,
385 961 538 1002 conscribuntur.
566 959 646 1001 Interim
664 958 708 999 Mae
718 959 779 1000 Guier
792 959 867 1013 Anglos
881 975 953 1013 paucos
963 976 986 1002 er
994 962 1017 1002 iis
1028 960 1061 1014 qui

292 1015 423 1056 Connaclrtam
432 1016 548 1065 incolebant,
559 1014 684 1068 depredatur.

320 1070 360 1110 Sub
383 1070 420 1111 hoe
438 1075 515 1124 tempus
541 1069 655 1111 Edmundns
681 1068 726 1109 Mae
744 1068 858 1110 Gabhranus
877 1069 959 1111 Iberniae
984 1071 1061 1124 primas,

291 1124 451 1179 Archiepiseopus
468 1126 581 1167 Ardmaehae
596 1139 620 1164 er
634 1123 728 1177 Hispania
738 1124 820 1164 alaimo
834 1123 935 1177 Flamingo
944 1125 1062 1166 Pontanensi

290 1184 395 1221 mercatore
404 1181 486 1230 uehitur,
496 1181 568 1222 habens
578 1179 602 1220 ad
611 1179 692 1219 lbernos
707 1179 758 1232 regis
769 1179 868 1232 Hispaniae
882 1180 978 1230 mandata,
987 1185 1008 1220 vt
1018 1194 1061 1233 pro-

290 1235 406 1276 testantibus
413 1250 447 1289 pro
457 1236 505 1277 Fide
515 1235 612 1277 Catholicis
621 1233 693 1273 bellum
702 1233 793 1283 indicant,
805 1233 906 1286 &abipso
921 1247 978 1288 quam
988 1235 1061 1276 celerri-

291 1290 322 1330 me
332 1290 423 1331 auritium
433 1291 549 1332 mittendum
565 1304 612 1339 esse,
622 1288 743 1341 intelligant:
760 1290 776 1329 dr
786 1288 809 1329 ad
819 1289 864 1328 ltlac
874 1288 971 1339 Guierem,
982 1290 1015 1343 qui
1023 1290 1061 1329 iam

290 1346 363 1386 bellum
379 1346 462 1399 gerebat,
480 1347 583 1399 profectus,
600 1343 692 1397 cupidum
708 1344 793 1384 bellandi
811 1344 873 1383 airum
891 1343 984 1385 Catholici
1003 1345 1062 1396 Regis

290 1400 354 1441 verbis
364 1402 380 1441 dr
390 1401 455 1441 ausilii
472 1416 505 1454 spe
514 1402 536 1442 in
544 1401 627 1453 ineoepto
644 1397 699 1439 iacilb
713 1399 837 1440 confirmarit.
867 1398 916 1438 Cum
925 1401 1006 1453 primate
1016 1399 1062 1439 Mac

293 1456 353 1496 Gruier
369 1456 463 1496 Brethnita
480 1456 579 1497 O’Ruarki
600 1454 708 1508 principatu
724 1453 835 1494 transmissa
849 1468 915 1493 rursus
932 1455 1063 1495 Oonnaohtam

294 1511 368 1564 exiguis
383 1511 456 1551 viribus
471 1511 584 1565 ingreditur.
611 1509 642 1549 Ed
651 1509 674 1548 de
684 1523 704 1548 re
718 1509 787 1549 certior
802 1509 864 1548 factus
880 1508 987 1550 Richardus
1001 1509 1063 1560 Bing-

293 1567 361 1606 hamus
370 1565 446 1618 Anglus
461 1578 519 1619 eques
535 1569 611 1606 auratus
621 1563 847 1617 Gonnachtae'praeiectus
856 1564 878 1603 in
887 1563 943 1604 illum
952 1564 1011 1620 mittit
1022 1564 1062 1604 Gu-

291 1621 378 1661 lielmum
393 1620 514 1661 Guelfertum
523 1620 609 1674 Anglum
624 1633 667 1659 curn
681 1619 743 1672 parvis
754 1618 818 1672 copiis.
847 1618 880 1658 Ad
888 1618 953 1659 loeum
963 1621 993 1660 cui
1003 1619 1061 1659 Scuto

291 1675 427 1716 miraculorum
446 1675 524 1727 [Skietlr
533 1690 558 1716 na
571 1673 655 1725 bbteart]
672 1674 775 1726 antiquitas
785 1687 855 1713 nomen
864 1673 940 1723 indidit,
951 1675 1061 1715 occurritur.

290 1730 397 1783 Vtriusque
413 1730 472 1783 partis
489 1731 585 1783 equitatus
600 1728 688 1782 peditum
703 1729 780 1782 agmina
794 1728 880 1781 praeibat,
895 1729 958 1769 tacitis
972 1728 1062 1769 cornibus

293 1785 404 1839 procedens.
432 1785 480 1825 Dies
495 1789 535 1825 erat
552 1784 665 1824 densissima
682 1783 753 1823 nebula
769 1797 860 1836 perquam
878 1782 964 1824 obscura.
999 1784 1063 1828 Quare

294 1841 348 1894 prius
357 1839 396 1880 lere
405 1840 481 1893 utrique
490 1840 559 1881 alteros
573 1838 699 1887 offendenmt,
709 1839 768 1891 quam
782 1838 876 1878 viderunt.
906 1838 966 1892 Signo
975 1838 1023 1879 tubat
1033 1853 1064 1878 su-

294 1896 335 1936 bito
346 1895 390 1935 dato
399 1896 488 1948 utrinque
497 1895 518 1935 in
527 1909 612 1948 pugnam
621 1893 724 1947 proruitur.
753 1893 798 1933 Mae
809 1892 874 1942 Guier,
885 1907 923 1946 quo
933 1898 973 1934 erat
982 1907 1064 1948 praesen-

295 1951 369 1991 tissimo
379 1964 452 2002 semper
462 1950 531 1999 aninro,
542 1949 663 1989 Guelfertum
671 1948 726 1989 hasta
735 1947 843 1997 transfodit,
852 1949 868 1988 dr
877 1948 976 1999 interimit,
987 1950 1065 2001 eiusque

295 2005 402 2058 equitatum
418 2004 488 2053 fundit,
507 2006 522 2044 rb
538 2005 598 2057 fugat.
627 2003 672 2044 Mac
689 2003 779 2043 Guierem
791 2017 830 2043 non
840 2003 908 2056 procul
917 2003 961 2044 ante
978 2004 1064 2058 pedestre

295 2074 369 2156 ltili
382 2057 954 2154 ttttttatfittttttttttatttttatttt
966 2058 1064 2154 pappa

296 2171 343 2212 dum
360 2171 405 2210 Mac
415 2128 481 2209 darei
491 2146 536 2209 cuni
552 2168 650 2208 Guelferto
668 2167 751 2216 dimicat,
766 2167 823 2207 altera
839 2167 887 2219 regii
897 2169 992 2220 equitatus
1001 2129 1065 2208 inimi

232 2246 272 2286 [125
281 2225 370 2288 ]ineidit.
398 2224 472 2265 Primas
481 2224 558 2278 fugiens
567 2236 617 2276 equo
633 2222 721 2274 corruittt
735 2224 751 2262 ἅτ
761 2225 831 2261 stratus
840 2221 895 2261 humi
904 2222 1018 2264 interimitur
1027 2223 1065 2264 vna

297 2295 341 2322 eum
351 2280 423 2321 Felmio
432 2283 538 2333 pugnante.
566 2279 598 2319 Ex
607 2277 683 2330 agmine
697 2276 795 2317 Catholioo
805 2276 883 2329 pedites,
895 2278 928 2330 qui
936 2279 1022 2331 primatis
1031 2293 1065 2318 ro-

297 2351 338 2377 eem
355 2338 492 2388 cognoverunt,
503 2334 540 2375 etsi
548 2334 603 2374 illum
613 2347 653 2372 non
669 2331 765 2379 uidebant,
775 2330 844 2371 nebus
861 2332 960 2374 oculorum
969 2348 1026 2374 usum
1035 2333 1065 2373 in-

296 2391 415 2444 tercipiente,
425 2393 533 2438 aecurrunt,
543 2391 558 2430 tr
567 2387 669 2429 Cathalum
680 2387 746 2426 stricto
755 2386 804 2426 ferro
814 2401 848 2439 pro
858 2387 938 2440 primate
948 2389 1065 2442 praeliantem

297 2447 426 2487 existimantes
436 2458 477 2485 esse
486 2459 510 2485 er
519 2442 670 2498 protestantibus
680 2441 746 2481 multis
760 2440 868 2482 vulneribus
875 2443 984 2493 conficiunt,
996 2445 1011 2484 dr
1021 2457 1065 2497 pro-

296 2504 388 2542 testantes
398 2514 491 2553 equorum
507 2500 619 2553 pernicitate
635 2497 704 2538 illaesos
714 2496 820 2536 dimittunt.
851 2497 956 2538 Interfecto
970 2498 1066 2552 primatell

297 2557 343 2597 Mae
353 2556 413 2596 Guier·
421 2554 483 2607 magis
493 2558 576 2604 maestus,
583 2553 642 2607 quam
649 2551 728 2592 obtenta
734 2551 841 2600 victoria&
851 2552 916 2605 praedat
921 2552 977 2593 laetus
987 2553 1066 2594 domum

297 2611 353 2652 redit.
381 2610 456 2650 Rursus
471 2608 591 2659 O'Ruarlrus,
613 2606 755 2648 &MacGuier
772 2610 875 2647 statuentes
891 2622 931 2648 non
945 2608 1002 2648 modo
1021 2623 1065 2662 pro-

296 2665 412 2707 testantibus
422 2664 498 2717 Anglis,
509 2664 542 2705 sed
552 2665 609 2704 etiam
619 2663 643 2703 iis
652 2661 755 2701 Catholicis
764 2660 844 2712 Ibernis,
855 2662 888 2715 qui
902 2662 940 2702 illis
950 2663 1065 2704 auxiliaban-

297 2726 335 2770 tur,
346 2735 387 2761 esse
397 2719 517 2760 officiendum
532 2720 553 2759 in
563 2718 640 2759 Midhid
655 2716 737 2757 Inaliam
753 2715 869 2760 O’Pheralus
885 2717 977 2758 ditionem
994 2719 1066 2772 deprae-

298 2777 374 2816 dantur.
402 2775 452 2815 Oum
463 2774 532 2827 quibus
542 2774 564 2814 de
574 2773 640 2827 praedat
650 2771 705 2824 caepit
711 2771 793 2824 equestri
799 2773 865 2825 praelio
876 2773 956 2824 experiri
966 2773 1066 2814 Guliemus

299 2830 399 2879 O'PheraL
410 2830 442 2870 sed
452 2829 524 2883 inipso
535 2830 621 2883 equitum
630 2827 692 2880 primo
700 2840 802 2879 congressu
808 2828 853 2868 Mac
864 2827 924 2868 Guier
933 2842 1002 2882 pugnae
1008 2829 1066 2869 finem

320 2991 380 3051 *tuq
390 3010 405 3049 3,
415 3010 465 3047 1593,
474 3018 516 3041 near
526 3006 588 3045 Tulsk‚
597 3006 670 3048 Barony
679 3004 699 3037 of
705 3004 831 3047 Rosemnmum
843 3001 859 3051 p.
870 3008 919 3040 1939.
