2237 3535
217 363 243 402 tt
357 362 491 405 o’sunnnraru
505 374 605 403 marciana
621 374 746 412 carnonam,
757 375 799 403 ron
808 375 832 417 u.
910 362 961 414 [arn.
971 374 987 401 1.

215 470 316 505 christianae
329 471 371 505 fidei
384 472 482 512 veritatem,
497 476 515 505 et
527 469 611 505 vitiorum
618 469 708 513 plantaria
716 470 737 503 de
745 482 789 516 agro
797 470 869 505 Domini
877 469 988 514 extirpanda,

215 515 263 550 sieut
271 517 367 552 catholicus
373 518 453 562 princeps
461 513 544 551 intendis.
560 515 590 549 nd
595 514 750 549 idconvenientius
757 516 887 561 exsequendum,
894 515 987 549 consilium

214 562 317 605 apostolieae
331 561 376 596 sedis
390 562 445 607 exigis
458 567 478 597 et
490 562 574 596 favorem¹
597 560 619 594 ln
634 558 731 603 quosaam,
743 566 809 605 quanto
821 561 880 596 altiori
888 559 960 594 consilio
969 564 988 593 et

214 606 281 651 majori
289 607 396 641 discretione
403 607 491 652 procedis,
498 610 548 641 tanto
560 605 579 638 in
591 615 612 638 eo
626 603 724 638 feliciorem
737 616 852 650 progressum
859 611 883 646 te,
891 609 987 651 praestante

214 650 300 692 Domino,
309 652 412 686 confidimus
420 652 530 693 habiturum,
545 662 565 684 eo
574 649 621 694 quod
628 648 703 693 amplius
711 649 735 682 ad
743 650 809 685 bonum
817 653 882 686 exitum
892 661 960 695 semper
968 655 987 683 et

214 695 269 731 {inem
275 698 342 731 soleant
350 698 438 742 attingere
446 697 476 741 qui
483 697 504 730 de
512 696 577 730 ardore
585 694 626 728 fidei
633 698 651 727 et
658 692 749 737 religionis
757 707 817 730 amore
824 697 930 741 principium
938 706 986 730 aece-

214 746 287 785 perunt.
311 743 356 776 Sane
364 739 459 780 Iberniam,
470 745 489 774 et
497 751 557 774 omnes
565 739 637 779 insulas,
644 738 707 783 quibus
713 739 740 772 sol
745 739 822 782 justitiae
831 742 913 776 Christus
920 740 980 774 illuxit

214 790 233 819 et
242 798 280 831 quae
289 787 394 820 documenta
407 785 447 819 fidei
461 785 561 819 christianae
575 787 694 828 perceperunt
707 784 730 816 ad
735 783 765 827 jus
773 785 821 820 beati
829 787 886 826 Petri,
893 791 911 821 et
918 796 986 820 sacros·

214 837 271 865 anctae
279 832 364 865 Romana
372 831 449 864 ecclesiae
457 831 514 874 (quod
520 833 553 863 tua
561 829 614 862 etiam
618 828 702 862 nobilitas
709 831 830 875 recognoscit)
836 843 872 866 non
880 835 907 865 est
913 831 986 865 dubium

213 876 308 919 pertinere,
332 876 385 910 Unde
393 878 442 908 tanto
450 875 469 908 in
478 876 502 908 eis
508 873 591 908 libentius
597 873 725 918 plantationem
730 874 801 908 fidelem
809 881 827 910 et
834 888 907 922 germen
914 881 986 922 gratum

213 920 254 955 Dec
267 921 365 959 inserimus,
378 924 444 964 quanto
457 920 477 953 id
489 931 500 954 a
513 919 564 953 nobis
576 918 648 952 interno
661 918 740 952 examine
754 918 853 955 districtius
870 921 986 966 perspicimus

214 966 324 1010 exigendum.
350 964 457 1009 significasti
465 965 481 997 si
489 965 560 1009 quidem
572 964 630 1006 uobis,
645 963 670 997 fili
684 963 702 996 in
711 963 783 997 Ohristo
792 965 899 1009 charissime,
908 972 926 1000 te
934 966 985 1007 iber-

213 1010 246 1044 niae
254 1010 327 1043 insulam
335 1010 358 1043 ad
366 1009 477 1043 subdendum
488 1010 539 1043 illum
550 1009 635 1054 populum
647 1008 722 1053 legibus,
730 1012 748 1042 et
755 1007 840 1045 vitiorum
848 1012 937 1056 plantaria
944 1011 985 1044 inde

212 1056 316 1099 extirpanda
323 1055 369 1088 velle
376 1055 450 1093 intrare,
463 1059 482 1087 et
496 1055 518 1089 de
529 1054 602 1102 singulis
614 1054 696 1087 domibus
708 1064 784 1087 annuam
795 1055 848 1089 unius
856 1056 924 1091 denarii
932 1056 983 1090 beato

212 1099 268 1133 Petro
276 1099 320 1133 velle
327 1100 396 1133 solvere
403 1100 511 1144 pensionem,
520 1104 538 1133 et
543 1099 586 1143 jura
594 1100 708 1133 eeclesiarum
715 1098 763 1132 illius
771 1103 825 1134 terra
832 1100 901 1135 illibata
908 1106 926 1135 et
940 1101 984 1134 inte-

211 1155 245 1189 gra
253 1155 363 1178 conservare.
388 1143 426 1178 Nos
438 1144 499 1189 itaque
507 1145 556 1189 pium
564 1152 583 1181 et
590 1144 679 1178 laudabile
687 1143 796 1177 desiderium
803 1149 855 1178 tuum
868 1157 909 1179 cum
922 1146 985 1180 farore

211 1199 290 1233 congruo
298 1193 430 1234 prosequentes,
439 1194 457 1223 et
467 1189 549 1234 petitioni
557 1197 591 1226 tuae
599 1189 696 1234 benignum
704 1188 824 1232 impendentes
838 1201 935 1230 assensum,
943 1202 985 1236 gra·

210 1238 249 1267 tum
257 1239 276 1267 et
283 1239 375 1279 acceptum
382 1233 473 1274 habemus,
482 1239 503 1268 ut
513 1246 546 1280 pro
562 1235 656 1271 dilatandis
666 1233 743 1268 ecclesie
753 1234 839 1274 terminis,
853 1246 886 1279 pro
899 1235 985 1270 vitiorum

210 1279 334 1324 restringendo
343 1281 424 1320 decursu,
433 1291 466 1324 pro
475 1281 585 1326 corrigendis
597 1279 677 1313 moribus
693 1283 711 1312 et
727 1278 822 1312 virtutibus
838 1280 942 1319 inserendis,
950 1292 983 1325 pro

210 1323 310 1358 christianae
318 1324 409 1369 religionis
417 1329 513 1369 augmento
521 1326 596 1361 insulam
610 1325 660 1358 illam
673 1323 785 1368 ingrediaris,
793 1328 811 1358 et
819 1335 858 1368 quae
865 1325 888 1359 ad
896 1326 983 1359 honorem

209 1368 246 1402 Dei
254 1373 272 1402 et
280 1370 355 1403 salutem
363 1369 411 1403 illius
418 1374 471 1404 terre
479 1373 598 1415 spectaverint
606 1368 705 1414 exequaris,
714 1373 732 1402 et
746 1369 795 1402 illius
807 1374 861 1403 terrac
876 1370 953 1415 populus
965 1374 983 1404 te

210 1414 307 1448 honorifice
319 1415 395 1458 recipiat
405 1420 427 1448 et
435 1415 482 1449 sicut
490 1416 581 1451 dominum
593 1418 689 1452 veneretur
697 1415 711 1456 3*
720 1413 763 1457 jure
775 1414 859 1448 nimirum
867 1416 983 1449 ecelesiarum

210 1458 278 1493 illibate
286 1464 303 1493 er
310 1459 381 1504 integro
389 1464 493 1504 permanare
502 1466 519 1495 et
527 1462 575 1497 salvo
587 1463 646 1496 Beato
662 1460 716 1494 Petro
733 1463 751 1492 et
766 1464 882 1494 sacrosancte
896 1460 982 1494 Romanae

210 1504 288 1537 ecclesiae
296 1504 317 1537 de
325 1504 400 1550 singulis
416 1505 497 1539 domibus
511 1518 569 1541 annua
584 1505 636 1541 unius
653 1504 720 1538 denarii
733 1504 822 1549 pensione.
848 1505 868 1538 si
879 1516 922 1550 ergo
935 1506 982 1549 quod

210 1548 306 1592 concepisti
319 1550 384 1591 animo,
400 1550 464 1584 effectu
481 1551 552 1586 duxeris
567 1554 686 1597 prosequente
700 1549 829 1592 complendum,
843 1550 894 1584 stude
909 1555 982 1594 geniem

207 1593 258 1626 illam
264 1594 315 1627 bonis
322 1595 402 1628 moribus
409 1595 512 1635 informare,
520 1600 539 1629 et
546 1608 587 1641 agas
595 1602 632 1631 tam
639 1606 672 1639 per
680 1598 698 1627 te
707 1605 759 1637 quam
766 1605 799 1638 per
810 1594 849 1628 illos
861 1606 905 1639 quos
913 1595 936 1628 ad
948 1595 982 1629 hoc

207 1638 248 1678 fide,
256 1639 310 1672 verbo
319 1643 336 1672 et
344 1639 381 1673 vita
388 1639 461 1673 idoneos
473 1651 511 1674 esse
518 1643 633 1686 perspexeris,
641 1644 662 1674 ut
670 1640 763 1673 decoretur
771 1639 796 1672 ibi
805 1639 883 1679 ecclesia,
891 1640 982 1684 plantetur

207 1687 226 1716 et
233 1688 301 1717 crescat
308 1684 349 1717 fidei
358 1684 457 1718 christianae
464 1685 535 1729 religio,
544 1691 562 1720 et
570 1699 608 1731 quae
616 1686 640 1721 ad
647 1686 732 1718 honorem
740 1683 776 1717 Dei
783 1687 802 1717 et
809 1684 884 1718 salutem
891 1684 982 1729 pertinent

206 1726 305 1761 animarum
312 1739 345 1772 per
357 1733 375 1762 te
387 1729 447 1763 taliter
459 1730 570 1771 ordinentur,
579 1737 600 1765 ut
611 1743 622 1765 a
630 1731 670 1764 Deo
679 1729 788 1772 sempiternae
796 1730 882 1772 mercedis
890 1730 981 1764 cumulum

207 1773 291 1818 consequi
299 1774 389 1812 merearis,
398 1775 442 1807 etin
450 1775 504 1808 terris
511 1776 611 1820 gloriosum
618 1786 682 1810 nomen
690 1773 748 1807 valeas
754 1773 851 1807 obtinere.’¹

233 1862 248 1889 ii
254 1862 308 1904 Sicut
314 1864 422 1906 Dominum
431 1871 553 1918 venerentur,
561 1868 582 1909 id
588 1871 622 1917 est,
631 1871 654 1908 ut
663 1866 770 1921 principem
777 1866 858 1920 dignum
863 1881 935 1922 magno
945 1869 979 1909 ho-

205 1919 435 2026 norquipptpcilfiominum
449 1921 540 1973 ibernia,
550 1923 584 1964 sed
597 1923 711 1977 praefectum
721 1935 777 1963 causa
791 1921 895 1977 colligendi
909 1923 978 1965 tributi

153 1984 237 2026 [eo.]eee
328 2005 332 2015 .

543 2249 600 2290 CAP.
616 2248 641 2289 V.

224 2362 345 2415 IterAngliae
352 2361 428 2396 venitin
436 2362 537 2397 iberniam:
553 2363 654 2441 Apgdprum
668 2363 741 2398 ambitio
751 2378 755 2397 :
767 2363 872 2401 Ibernorum
886 2366 954 2414 aliquot

544 2418 587 2441 ree
608 2419 624 2441 o.

201 2505 247 2547 Hoc
266 2504 362 2559 pontificis
382 2504 463 2557 imperio
487 2502 593 2558 praemisso,
612 2517 647 2543 reu
666 2501 744 2556 Angliae
763 2503 860 2545 Henricus
875 2506 976 2547 Secundus

200 2560 275 2615 appulit
293 2560 315 2600 in
332 2559 432 2600 Iberniam
450 2573 501 2599 anno
525 2558 661 2612 Redemptoris
680 2558 718 2597 orti
736 2557 858 2600 MOLXXII
877 2561 909 2602 die
929 2561 976 2602 Divi

200 2616 265 2656 Luca.
286 2616 318 2655 18.
336 2613 433 2655 Octobris.
472 2613 514 2654 Ubi
532 2613 556 2654 ab
580 2613 655 2665 aliquot
673 2612 795 2665 magnatibus
812 2613 913 2664 Ibernicis,
935 2617 975 2668 qui,

202 2683 239 2724 qua
253 2674 299 2710 sunt
308 2670 422 2723 synceritate
432 2669 537 2723 refigionis,
543 2668 641 2722 pontificis
647 2667 731 2707 Rotnani
740 2667 835 2708 mandatis
844 2683 884 2710 non
894 2670 976 2725 obsequi

201 2725 254 2765 nefas
264 2725 343 2774 ducunt,
354 2729 446 2778 exceptus
455 2740 497 2766 non
505 2728 528 2764 ut
538 2738 572 2764 rex
582 2726 615 2763 aut
624 2721 722 2762 Dominus
732 2722 820 2773 ibernia,
831 2724 865 2764 sed
874 2729 897 2765 ut
906 2740 917 2765 a
926 2740 975 2779 pon-

201 2779 252 2820 tifice
261 2779 361 2832 praefectus
375 2780 408 2833 (sic
418 2794 454 2834 ego
463 2780 571 2834 accepilut
581 2780 665 2824 exactor,
679 2779 698 2816 et
715 2776 805 2818 collector
821 2780 913 2831 pecuniae,
931 2793 974 2834 quae

201 2833 227 2875 ad
236 2833 300 2874 sedem
308 2834 440 2888 Apostolicam
449 2834 565 2889 pertinebat,
576 2845 654 2873 omnem
660 2831 713 2871 litem
723 2832 773 2873 inter
783 2831 864 2874 nemos
874 2835 974 2889 etAnglos

201 2889 305 2942 componit,
314 2890 370 2942 regni
379 2889 532 2944 gubernaculum
539 2889 581 2930 sine
588 2886 714 2928 contentione
723 2887 831 2942 accipiens:
841 2890 974 2945 praefectisque

200 2943 311 2986 constitutis
319 2944 341 2984 in
349 2944 440 2997 Angliam
449 2945 558 2986 revertitm.
587 2941 648 2983 Haud
665 2941 699 2982 diu
712 2946 756 2995 post
770 2943 812 3002 ejus
820 2943 903 2987 reditum
913 2947 974 3002 Angli
