2237 3535
207 933 319 995 DOllllll
344 938 481 997 PHILlPl’l
504 939 703 1000 otuttullrl
722 940 978 1017 renuntientur,

457 1090 528 1130 ΤΟΜΙ
544 1090 574 1131 ΙΙ,
589 1090 674 1132 nrssuu
687 1091 729 1132 ΙΙΙ.

204 1237 234 1268 DE
254 1238 337 1270 VARHS
355 1239 477 1270 HIBERNIAE
494 1240 596 1272 EVENTIS
617 1241 661 1273 SUB
678 1241 788 1278 Huuulco,
807 1240 928 1278 EDVARDO,
947 1242 978 1273 ET

492 1294 571 1326 MARIA
582 1294 688 1327 REGIBUS.

202 1421 269 1462 Lrnno
278 1421 366 1475 proximo
383 1420 491 1474 generalem
507 1421 601 1474 quandum
617 1422 678 1461 totius
693 1420 803 1461 Hibernicee
813 1420 876 1470 cladis,
888 1424 907 1461 et
917 1421 975 1461 haere-

201 1478 245 1517 ticoe
254 1476 344 1529 Angloru
357 1476 464 1529 tyrannidis
480 1476 547 1516 faciem
565 1476 699 1529 depinximus:
715 1490 757 1529 quae
765 1476 820 1516 velut
832 1480 973 1529 argumentum,

202 1537 221 1571 et
229 1531 344 1585 praeludium
354 1530 378 1570 ad
387 1535 462 1578 coetera,
473 1544 516 1584 quee
532 1531 604 1584 reliquo
621 1546 678 1584 opere
687 1531 779 1572 tradenda
788 1534 840 1580 sunt,
849 1531 974 1584 intelligenda

200 1586 269 1635 lucem,
286 1590 306 1626 et
321 1585 426 1626 claritatem
443 1586 514 1626 afferet.
543 1586 597 1626 Hine
612 1586 657 1626 vero
674 1586 758 1640 singulas
776 1600 806 1626 res
825 1586 887 1626 relatu
906 1587 973 1636 dignas

200 1641 267 1682 ordine
276 1655 311 1680 suo
322 1640 429 1694 digerentes
439 1654 548 1693 percurrere
558 1640 705 1694 auspicabimur.
720 1642 749 1681 Ac
759 1646 851 1694 praesente
864 1641 919 1691 libro,
930 1655 972 1694 quae

198 1695 288 1736 memoria
298 1702 385 1735 tenemus
395 1709 419 1734 ex
429 1696 466 1743 his,
477 1710 520 1748 quee
530 1695 565 1735 sub
575 1696 668 1746 Henrico,
678 1696 774 1745 Eduardo,
784 1695 886 1749 Maridque
894 1695 972 1749 regibus

196 1751 217 1791 in
227 1750 323 1791 Hibernia
333 1753 378 1790 sunt
387 1754 435 1799 acra,
446 1750 556 1790 referemus.

452 1926 711 1933 m

530 2059 587 2100 CAR
601 2060 619 2101 Ι.

349 2194 396 2233 Quid
405 2199 466 2228 actum
475 2193 499 2226 sit
512 2193 529 2226 in
538 2192 627 2228 Hibernis
636 2195 656 2228 de
665 2195 750 2229 Ecclesia
759 2195 810 2228 bonis

191 2311 300 2351 Hnnrrous
311 2310 396 2351 Octavus
409 2310 487 2351 nornine
497 2308 563 2349 Tudor
572 2308 650 2362 Angliee
659 2308 707 2356 Rex,
718 2308 752 2348 ubi
761 2323 781 2349 se
791 2322 854 2363 regern
864 2310 965 2353 Hibernia

187 2366 246 2419 jussit
262 2365 360 2420 appellari,
376 2368 399 2405 nt
415 2365 502 2418 superius
518 2364 698 2412 demonstrauimus,
713 2364 745 2417 jus
761 2364 819 2404 etiarn
835 2364 964 2408 Ecclesiarurn

190 2421 290 2462 Hiberniae
306 2424 329 2461 ut
342 2419 473 2460 Hibernorum
488 2433 583 2460 consensu
598 2419 619 2459 in
636 2418 811 2469 setensteten,
828 2421 907 2470 curarit,
922 2436 963 2462 non

136 2490 182 2535 [75‚]
189 2477 243 2517 aliter
253 2476 311 2529 quem
319 2475 381 2529 Angli
389 2475 495 2526 feceruntll
525 2474 562 2515 Oui
570 2474 599 2514 rei
616 2488 660 2514 cnm
671 2472 753 2513 Hibernr'
762 2474 918 2526 intercessissent,
928 2477 962 2517 ille

188 2535 258 2572 conatu
268 2531 359 2584 dejectus,
369 2530 437 2571 saltem
453 2530 498 2570 Sedi
508 2529 625 2583 Apostoliece
634 2532 657 2569 ut
671 2529 703 2582 jus
712 2527 760 2568 illud
770 2529 869 2580 adimetur,
881 2535 961 2572 conatus

188 2592 222 2627 est.
251 2586 321 2640 Itaque
330 2585 453 2639 Principibus
469 2584 562 2625 Hibernis
576 2583 684 2637 imperarit,
702 2587 724 2623 ut
736 2598 775 2624 suae
784 2586 864 2638 quisque
876 2586 960 2636 ditionis,

187 2641 282 2682 Ecclesiae
298 2641 399 2689 obtineret,
417 2640 556 2680 Ecclesiasticis
572 2638 656 2691 expulsis
663 2654 669 2687 3
685 2637 767 2679 Hiberni
783 2654 877 2693 proceres,
893 2642 959 2694 paucis

187 2696 275 2749 exceptis,
293 2699 313 2736 et
328 2696 415 2736 fortassis
431 2709 477 2744 uno,
495 2695 525 2735 rel
539 2694 606 2743 altero,
623 2692 724 2743 Ecclesiae,
740 2698 760 2735 et
774 2696 919 2736 Ecclesiasticus
937 2697 959 2737 in

185 2751 266 2804 pristino
283 2754 335 2791 statu
351 2764 462 2791 conservare
482 2750 604 2790 studuerunt.
633 2747 673 2787 Vix
691 2748 751 2789 ullum
767 2750 852 2791 invenies
871 2753 958 2792 veterum

186 2805 317 2846 Hibernorum
332 2806 447 2860 optimatum
464 2803 590 2858 vectigalibus
606 2802 744 2845 Ecclesiasticis
763 2805 868 2846 ebusum.l
903 2805 957 2849 Quos

185 2860 255 2901 imitati
265 2864 310 2900 sunt
319 2875 385 2901 omnes
394 2860 534 2915 propemodum
549 2861 649 2911 magnares
659 2858 710 2908 nori,
721 2860 753 2913 qui
762 2865 849 2901 veterum
859 2859 957 2902 Hiberno-

205 2996 213 3012 *
225 2994 276 3029 More
286 2994 328 3027 than
337 3005 369 3026 one
377 3005 398 3026 or
407 2998 441 3026 two
450 2992 498 3025 Irish
513 2992 562 3025 lords
575 2991 660 3034 accepted
670 2997 732 3036 grente
745 2993 766 3026 of
776 2991 901 3026 ecclesiasticul
912 3003 954 3037 pro·

181 3046 231 3086 pertp
239 3053 244 3082 ς
258 3040 296 3078 but,
302 3038 399 3084 generally,
408 3039 448 3081 ther
458 3036 488 3070 did
497 3041 527 3070 not
536 3040 610 3071 convert
619 3036 633 3069 it
641 3040 659 3070 tn
668 3037 714 3071 their
723 3050 761 3072 own
771 3049 807 3072 use.
