2237 3535
42 389 84 417 cnr.
95 371 138 423 nn]
202 383 230 409 nr
240 383 336 423 quatuor
346 385 416 412 Pitillls
427 384 586 412 rrnsncurionrs
597 382 688 410 runcrrs.
774 373 813 412 269

41 483 100 516 noster
107 487 179 521 preren,
187 477 215 510 vel
223 478 260 521 ejus
268 492 340 515 munere
348 480 428 525 fungens,
437 492 447 514 e
456 480 543 514 sententia
551 477 692 512 consiliariorum
700 478 752 511 istius
759 481 815 525 regni,

42 535 92 571 quam
100 521 142 566 ipsis
150 523 244 568 prudentia
251 526 384 571 praescripserit,
392 527 410 559 in
418 526 458 559 illos
466 524 601 558 animadvertat.
709 554 711 561 Α

63 569 131 602 Verum
137 568 183 601 enim
189 579 230 601 vero
235 570 248 602 si
256 571 310 615 aliqui
315 573 410 605 eorundem
416 571 428 604 J
429 570 533 609 esuitarum,
539 569 651 602 sacerdotum
659 567 815 608 seminaristarum,

42 619 71 649 aut
80 612 199 657 quorumlibet
206 616 323 657 sacerdotum,
337 622 383 661 post,
392 616 419 650 vel
427 620 469 649 ante
478 615 545 648 dictum
554 614 642 647 decimum
650 613 755 647 Decembris
764 614 816 654 diem,

42 659 88 704 apud
95 669 195 702 proregem,
204 670 270 701 eumve,
279 663 309 705 qui
322 663 406 696 vicariam
413 661 461 694 illius
469 671 541 704 operam
552 658 662 704 praestiterit,
670 658 816 703 gubernatorem,

42 708 73 739 aut
86 704 182 747 quemlibet
195 705 307 739 consiliarum
321 708 385 740 summi
399 707 452 740 isthic
465 705 522 739 nostri
537 705 605 738 consilii
616 714 653 737 sese
668 704 756 743 dederint,
764 709 817 748 atque

42 750 84 784 adeo
92 749 187 782 voluerunt
195 749 285 784 ecclesiam
293 757 372 785 nostram
378 752 412 785 rite
420 751 534 796 frequentare
543 749 640 783 secundum
648 749 734 793 regulam,
744 754 762 783 et
769 760 816 782 men-

42 800 77 828 tem
84 798 186 826 nostrarnm
194 793 260 838 legum,
268 796 316 839 ipsis,
324 802 342 830 et
350 797 427 841 ipsorum
436 796 510 841 singulis
518 795 530 829 J
531 796 599 835 esuitis,
611 794 727 827 seminaristis
736 794 816 828 sacerdo-

42 840 93 877 tibus,
106 843 124 872 et
137 838 176 872 aliis
189 840 309 874 sacerdotibus
324 842 353 885 qui
362 853 398 875 sese
406 842 431 875 ita
438 841 552 884 subjecerint,
561 841 627 885 quique
635 839 702 873 fuerint
710 840 736 873 ita
744 835 815 881 assensi,
824 857 880 901 [003]

42 883 123 928 quamdiu
134 884 153 916 in
165 883 198 916 hac
214 885 329 919 unanimitate
341 887 483 930 permanserint,ll
497 887 549 919 liceat
562 887 581 919 in
593 886 629 919 isto
641 896 697 930 regno
711 896 790 924 manere,
798 889 816 918 et
833 881 843 890 ”
868 882 872 890 ’

42 929 112 968 morari,
126 929 144 961 in
157 928 236 972 illudque
248 931 320 970 reverti,
328 943 349 964 ac
363 931 442 965 omnibus
454 936 555 965 nostrarum
563 931 629 976 legum,
641 935 659 963 et
666 930 713 975 regii
720 930 816 975 patronicii

41 974 127 1007 beneficiis
139 973 176 1006 frui
190 978 227 1006 tam
240 974 301 1014 libere,
310 980 327 1009 et
336 976 451 1015 abundanter,
461 988 512 1020 quam
520 976 558 1009 aliis
566 975 632 1010 nostris
640 976 720 1011 subditis.
747 976 816 1009 Datum

42 1031 62 1052 ex
70 1019 119 1063 regia
126 1023 188 1052 nostra
197 1018 386 1061 Westmonasteriensi,
393 1026 455 1064 quarto
462 1022 489 1055 die
498 1021 510 1054 J
511 1022 547 1060 ulii,
553 1033 599 1055 anno
606 1021 672 1054 domini
678 1020 772 1054 millesimo
777 1032 815 1054 sex-

42 1064 133 1096 centesimo
149 1064 215 1108 quinte,
229 1066 283 1098 tertio
298 1067 411 1105 veronostri,
422 1067 475 1111 regni
489 1067 592 1105 Britanniae,
610 1066 680 1105 Galliae,
688 1071 707 1099 et
716 1066 814 1105 Hiberniae,
844 1090 846 1092 v

43 1109 106 1142 Scotiae
114 1113 174 1142 autem
181 1108 273 1153 trigesimo
281 1122 332 1145 nono.
358 1111 412 1144 Vivat
420 1111 468 1144 Rex.

43 1237 90 1278 Haec
100 1243 145 1277 sunt
155 1238 213 1279 edicti
229 1239 299 1282 verba:
315 1242 352 1291 oui,
370 1242 421 1295 qubd
431 1243 458 1282 ait
467 1257 491 1283 ex
501 1243 581 1283 iberniae
591 1243 673 1296 legibus,
684 1243 814 1284 sacerdotibus

42 1298 98 1345 atque
107 1293 210 1334 Catholicis
220 1309 286 1348 poenas
295 1297 376 1350 irrogari
382 1297 428 1337 fides
436 1297 524 1338 habenda
531 1313 571 1338 non
581 1302 617 1338 est.
646 1297 755 1351 Nunquam
764 1300 815 1339 enim

42 1347 107 1387 lherni
116 1348 163 1388 tales
173 1348 225 1402 leges
241 1351 334 1400 tulerunt,
350 1352 380 1392 vel
398 1366 430 1403 per
440 1352 488 1392 alios
497 1353 540 1392 latis
551 1354 712 1405 obtemperarunt.
741 1353 815 1393 Verum

42 1402 117 1454 quidem
127 1408 156 1442 est
166 1403 190 1443 ab
200 1405 269 1458 Anglis
279 1406 338 1446 fuisse
348 1406 440 1455 conditas,
451 1407 485 1446 sed
495 1407 518 1447 ab
528 1407 604 1447 Ibernis
613 1421 713 1460 nunquam
723 1412 814 1460 receptas.

42 1456 98 1496 Unde
108 1459 246 1509 contentiones,
258 1475 300 1513 qnae
310 1463 351 1501 total
361 1462 426 1501 nosne
435 1462 515 1501 historit
528 1463 658 1510 continentur,
669 1466 715 1502 sunt
725 1467 801 1504 secutae.

369 1779 427 1819 GAP.
440 1779 482 1819 HI.

303 1925 379 1968 Aliquot
387 1929 444 1957 morte
452 1925 556 1968 puniuntur.

42 2063 126 2103 Rrerurr
136 2062 221 2102 edictum
237 2061 298 2114 Angli
313 2063 415 2114 properant
425 2060 533 2100 executioni
543 2061 639 2109 mandare,
649 2061 720 2101 tamin
730 2062 816 2102 sacerdo-

42 2124 70 2158 tes
88 2118 145 2170 qnbm
160 2116 181 2156 in
196 2116 245 2166 illos,
263 2116 297 2169 qui
314 2114 443 2156 sacerdotibus
454 2115 525 2154 victum
536 2115 684 2169 suppeditabant
694 2116 816 2158 bacchantes.

42 2173 55 2211 d
56 2173 139 2212 ohannes
150 2170 228 2211 Burkus
238 2184 297 2224 eques
314 2184 383 2223 genere
398 2169 474 2218 nobilis,
485 2170 593 2224 pietateque
603 2174 623 2210 et
632 2171 713 2211 aliarum
721 2172 816 2212 virtutum

41 2230 152 2266 ornamento
169 2240 209 2265 non
226 2225 325 2274 obscurus
341 2224 460 2265 sacerdotum
470 2229 562 2278 patronus
576 2226 691 2266 clarissimus
702 2226 815 2276 habebatur,

42 2295 77 2321 neo
92 2281 170 2334 injurita.
198 2280 263 2321 Britas
280 2281 320 2333 ejus
338 2279 436 2320 castellum
451 2285 492 2320 erat
500 2280 560 2320 instar
569 2280 666 2330 Ecclesiae,
677 2281 716 2334 qno
726 2286 745 2321 et
755 2296 816 2322 sacer-

42 2336 95 2376 dotes
106 2336 129 2375 ad
139 2335 245 2375 Missarurn
255 2335 347 2375 solemnia
356 2334 475 2383 celebranda,
486 2339 505 2374 et
514 2336 581 2389 populi
590 2336 666 2376 finitimi
676 2336 701 2376 ad
710 2336 816 2376 Missarurn

42 2405 94 2430 sacra
104 2389 198 2430 audienda
207 2390 336 2430 confluebant.
364 2388 406 2428 Vbi
415 2390 461 2429 oiim
470 2390 553 2443 quodam
563 2391 594 2430 die
604 2391 690 2430 sacerdos
701 2405 776 2431 sacrum
786 2406 816 2432 ce-

43 2445 123 2495 lebrant,
134 2445 157 2485 ab
168 2445 237 2497 Anglis
254 2444 351 2498 equitibus
361 2444 459 2484 castellnm
469 2444 547 2498 repente
562 2445 666 2486 obsidetur.
690 2445 817 2486 Ohsidionem

43 2500 56 2539 J
57 2501 147 2549 ohannes,
158 2499 218 2539 donec
229 2501 315 2540 sacerdos
326 2513 401 2540 sacrum
408 2506 492 2552 peragat,
500 2501 588 2540 sustinet.
617 2500 667 2540 Cimr
673 2500 719 2540 verb
729 2502 817 2541 sacerdos

43 2556 100 2596 sacris
116 2554 202 2595 restibus
218 2556 287 2604 erutis,
304 2555 361 2595 laicas
377 2553 478 2603 induisset,
495 2558 517 2594 ut
533 2556 591 2595 moris
606 2559 641 2604 est,
655 2556 706 2595 inter
723 2557 817 2609 populum

44 2612 98 2662 quasi
114 2610 209 2651 saecularis
224 2612 289 2651 exiens
305 2625 316 2650 a
331 2608 486 2649 Protestantihus
500 2611 588 2662 cognitus
599 2610 753 2662 deprehenditur.
783 2611 818 2652 Jo-

44 2664 115 2706 liannes
132 2679 203 2719 equum
219 2665 349 2706 conscendens
365 2664 437 2705 familis
451 2664 523 2704 armatt
536 2666 653 2713 sacerdotem
662 2665 818 2707 Protestantibus

44 2719 154 2774 ademptum
170 2721 191 2760 in
207 2720 314 2761 libertatem
332 2719 404 2760 asserit.
433 2718 464 2758 Oh
482 2719 533 2771 quod
549 2735 560 2759 a
575 2711 660 2773 qiiinque
675 2720 787 2762 cohortibus
797 2723 818 2763 in

43 2774 109 2815 eodem
125 2775 209 2824 cast-ello,
224 2775 278 2816 brevi
292 2779 336 2829 post
346 2773 444 2815 obsidione
454 2773 540 2813 vallatur.
569 2774 641 2815 Contra
651 2787 733 2828 quarum
744 2791 818 2831 oppug-

43 2829 140 2871 nationem
150 2831 250 2871 castellum
260 2832 300 2871 dies
310 2829 422 2884 qnindecem
431 2832 507 2868 tutatus
517 2843 561 2868 cnm
571 2830 655 2883 quinque
671 2834 750 2871 tantum
760 2834 819 2873 corni-

44 2881 102 2933 ribus,
119 2886 202 2939 denique
218 2887 268 2927 fame
283 2889 381 2939 premente
397 2887 457 2923 noctu
466 2898 500 2936 per
508 2885 581 2925 medios
590 2886 655 2925 hostes
665 2900 775 2940 erumpens,
786 2889 820 2929 Jo-

44 2935 106 2978 hanne
126 2940 274 2983 O'Hollochano
290 2941 358 2982 amisso
378 2953 422 2980 cum
440 2938 518 2992 reliquis
536 2946 618 2993 quatuor
633 2941 736 2983 incolumis
754 2946 818 2985 evasit.
