2237 3535
269 388 309 428 176
409 389 543 430 o’sonnnvrrr
558 401 659 429 nrsronna
674 400 798 438 61666666,
813 401 860 429 rou.
867 402 901 429 111.
947 387 996 440 [nra.
1007 401 1040 429 111.

269 511 352 552 rumque
361 499 423 540 forare
433 504 451 540 et
461 499 551 540 subruere
560 498 663 552 incipiunt.
695 497 771 551 Ulligus
780 513 855 552 magnae
863 498 920 540 molis
928 496 982 538 trabe
991 498 1042 538 funi-

270 552 307 594 bus
316 553 376 607 ligata
386 568 411 595 ex
420 555 467 596 areis
477 555 554 608 fastigio
563 568 616 594 nune
626 553 709 601 dimissa,
719 554 802 594 nuncin
812 555 850 595 alta
859 554 940 603 sublata,
951 553 1043 593 maehum

270 612 291 648 et
299 609 370 649 milites
380 611 413 662 qni
424 610 459 650 snb
473 624 496 650 eo
513 609 604 659 latebant,
615 606 717 649 conterit.l
746 607 865 650 O’Donellus
881 608 961 650 obsessis
972 608 1043 648 auxilio

269 664 348 704 veniens
358 665 505 717 appropinquat.
533 664 654 717 Binghamus
669 661 726 715 fugit.
755 662 781 702 In
790 665 933 719 oppugnatione
943 663 991 717 regii
1001 677 1042 703 sex-

269 719 320 758 centi
334 718 404 758 milites
422 718 516 759 obierunt.
545 719 615 759 Arcem
625 733 676 768 vero,
687 716 739 770 quod
749 721 789 757 erat
798 723 838 760 tam
852 720 966 761 laboriosum
978 718 1042 758 defen-

269 773 319 813 dere.
348 772 467 814 O’Donellus
478 772 586 813 demolitur.

602 1088 659 1129 OAP.
675 1089 699 1130 V.

268 1210 322 1256 Regii
330 1221 370 1244 eum
379 1209 475 1245 Catholicis
484 1210 505 1243 de
513 1221 556 1254 paee
561 1214 623 1254 agunt,
628 1209 748 1244 Ardmaoham
757 1217 895 1255 occupantem
903 1212 977 1246 0¹Nello
984 1214 1041 1246 minua

554 1255 630 1289 secunde
639 1255 754 1288 contendunt.

266 1364 330 1405 Rnerr
346 1363 399 1418 quod
416 1362 472 1402 armis
487 1361 552 1401 minhs
569 1360 652 1401 secunde
667 1375 708 1401 rem
724 1360 816 1414 gerebant
832 1363 915 1404 induciis
930 1365 985 1404 factis
996 1379 1041 1405 oum

267 1419 351 1460 O’Nello
367 1422 386 1459 et
404 1416 513 1457 O'Donello
530 1416 553 1456 de
568 1431 615 1469 paee
632 1419 699 1469 agunt.
728 1416 802 1456 Adeas
813 1416 921 1459 Hemioum
936 1419 1042 1473 Walopurn

267 1474 350 1514 iberniae
361 1476 470 1527 questorem
480 1475 499 1511 et
508 1471 616 1512 Robertum
626 1471 753 1511 Gardinernm
762 1471 846 1524 judicem
853 1475 958 1514 maximum
967 1475 1041 1528 legatos

266 1529 354 1575 mittunt,
362 1528 489 1576 seisoitatum,
500 1525 569 1580 quihus
579 1525 721 1566 conditionibus
732 1529 795 1565 essent
805 1529 896 1568 contenti.
926 1529 1020 1570 O'Nellus
1030 1546 1041 1570 a

266 1583 353 1637 Bagnale
362 1582 450 1623 laborum
460 1584 518 1633 atque
532 1581 645 1621 meritorum
661 1594 740 1621 suornm
755 1582 855 1633 praemium
871 1583 1005 1634 interversnm,
1021 1600 1040 1625 se

265 1639 319 1679 falsis
329 1637 441 1678 criminibus
450 1639 561 1676 accusatum
571 1639 590 1675 et
600 1636 624 1675 de
638 1635 713 1689 injuriis
731 1635 772 1675 aliis
786 1638 867 1688 graviter
878 1639 975 1691 queritur:
990 1641 1041 1681 inter

265 1693 302 1733 alia
311 1692 361 1746 petit
370 1695 393 1732 ut
403 1690 493 1731 omnibns
500 1690 584 1730 reatibus
592 1690 711 1740 condonatis,
720 1690 762 1739 sihi,
771 1691 847 1744 suisque
853 1692 915 1741 liceat,
923 1693 1040 1735 Oatholioam

264 1749 372 1788 Romanam
380 1746 493 1798 religionem
502 1745 587 1798 profiteri
597 1748 616 1785 et
626 1759 726 1798 nunquam
740 1745 826 1798 ipsorum
835 1748 882 1787 fines
892 1748 960 1789 adeant
969 1751 1040 1803 regiuae

261 1803 335 1857 judiees
346 1805 365 1841 et
379 1800 468 1841 ministri.
484 1799 540 1840 Idem
557 1799 677 1840 O'Donellus
694 1803 713 1840 et
731 1800 793 1840 oaeteri
802 1804 877 1854 petunt,
888 1803 970 1844 multum
986 1806 1040 1858 prius

266 1858 290 1899 de
299 1856 374 1911 injuriis
385 1855 469 1910 questi.†

294 1912 376 1953 Iuterim
385 1910 438 1951 mille
447 1909 521 1963 pedites
531 1909 597 1962 Angli,
609 1908 673 1961 quiin
684 1908 746 1949 Gallia
756 1909 840 1962 Belgica,
852 1913 904 1965 apud
913 1913 996 1954 Batavos
1007 1915 1040 1955 aa.

266 1981 331 2008 versus
341 1966 440 2019 Hispanos
457 1964 575 2017 stipendium
590 1963 685 2004 faciebant
694 1965 777 2004 revocati
786 1965 808 2004 in
822 1965 919 2007 Iberniam
929 1968 1039 2019 mittuntur,

266 2037 314 2077 quos
325 2025 344 2062 et
354 2020 460 2062 Gallienses
470 2024 490 2059 et
499 2018 620 2059 Ihernienses
636 2022 736 2059 veteranos
753 2019 834 2060 lbernos
843 2026 862 2061 et
871 2023 953 2075 Anglos,
963 2029 1040 2077 tyrones

265 2078 341 2131 Anglos
350 2076 372 2117 in
381 2075 493 2124 Momoniis,
503 2073 594 2127 Lagania,
605 2073 682 2114 Midhia
690 2073 739 2113 nove
747 2075 864 2127 conscriptos
875 2078 955 2130 equites
964 2085 983 2119 et
990 2079 1039 2119 ,titu-

265 2133 313 2173 lares
323 2132 375 2172 viros
391 2129 553 2183 Anglo-Ihemos,
569 2129 644 2182 justum
660 2129 765 2169 exereitum
775 2132 794 2168 et
804 2129 883 2171 O’Nelli
893 2132 952 2185 eopiis
961 2137 990 2174 ter
1000 2148 1039 2174 ma-

263 2188 326 2241 jorem
345 2185 445 2227 Russellus
464 2198 534 2238 proren
553 2187 572 2223 et
590 2182 660 2223 Norris
679 2183 699 2222 in
718 2183 818 2223 Ultoniam
837 2185 923 2227 celeriter
940 2192 1039 2241 movent-t
1097 2230 1102 2235 ,,

264 2243 349 2283 Nomine
358 2244 478 2294 repugnante
487 2240 508 2279 in
517 2238 647 2279 Ardmaoham
661 2237 784 2277 almissimam
798 2238 880 2281 Iber-niae
890 2244 1010 2296 metropolim
1020 2249 1039 2285 et

264 2297 323 2352 longe
338 2295 501 2349 religiosissimam
517 2293 638 2347 perveniunt,
649 2292 769 2345 fugient-ibus
785 2292 884 2347 religiosis,
901 2298 1038 2349 saoerdotibus,

265 2353 323 2394 saeris
335 2350 449 2404 virginibus,
466 2353 485 2389 et
502 2349 544 2389 aliis
560 2347 667 2402 oppidanis,
684 2347 775 2399 oppidum
792 2352 860 2391 natnrt
873 2351 1004 2403 immunitum,
1019 2358 1039 2395 et

265 2408 322 2449 armis
336 2406 406 2447 orbum
422 2404 503 2458 ingressi
518 2418 569 2444 saera
579 2402 651 2456 templa
660 2402 739 2450 violant,
750 2402 770 2441 in
780 2416 872 2455 equorum
882 2407 957 2448 stabula
966 2413 985 2449 et
995 2424 1038 2462 pro-

264 2464 338 2518 phanas
352 2475 400 2502 usus
416 2463 524 2499 vertentes:
538 2459 560 2498 in
568 2458 665 2498 Diuorum
675 2456 788 2497 simulachra
797 2460 890 2502 saeviunt:
905 2463 975 2516 gaudio
985 2465 1038 2505 enul-

289 2596 297 2613 *
309 2595 359 2628 Eour
367 2593 451 2633 Masters,
460 2603 477 2635 p.
487 2593 537 2624 1983,

288 2642 297 2683 †
309 2639 357 2673 A.D.
368 2640 417 2676 1596,
425 2637 505 2681 January
512 2639 529 2669 8.
554 2636 650 2673 Μοννίεονι,
659 2645 677 2677 p.
688 2635 726 2666 113.
739 2650 740 2653 ¹
750 2634 797 2667 Foor
807 2635 888 2680 Mortem,
897 2641 947 2676 1997.
973 2640 1012 2675 One
1020 2644 1042 2676 ol·

264 2686 296 2719 the
304 2684 381 2729 English
389 2681 530 2716 eommissioners
538 2692 573 2714 was
581 2681 611 2714 the
619 2682 700 2723 apostate
707 2677 766 2722 Myler
774 2679 794 2712 of
801 2680 869 2717 Coelan,

288 2732 298 2773 ‡
310 2729 386 2763 Neither
394 2729 425 2761 the
433 2727 483 2760 Four
492 2726 568 2759 Masters
580 2737 614 2759 nor
623 2723 699 2768 English
707 2723 812 2758 authorities
819 2729 884 2762 record
891 2741 925 2774 any
932 2729 1011 2764 invasion
1020 2733 1041 2766 of

265 2774 359 2818 Ulsterby
371 2772 437 2806 Norris
451 2784 471 2805 or
485 2771 622 2809 Russell,afte1·
635 2769 666 2801 the
681 2768 818 2804 commissione-s
830 2772 865 2807 had
878 2774 923 2807 been
937 2777 1037 2819 appointed,

265 2818 344 2863 January
355 2822 373 2860 8,
382 2820 432 2859 1596,
439 2822 458 2851 to
466 2817 511 2850 offer
519 2821 574 2849 ternis
583 2816 604 2848 of
609 2825 669 2859 peace.
694 2813 733 2845 The
741 2819 778 2847 seat
787 2815 807 2848 of
812 2828 848 2851 wer
857 2819 922 2863 during
931 2821 974 2854 1596
983 2823 1036 2856 anda

265 2870 316 2908 great
324 2868 366 2908 part
374 2863 395 2896 of
402 2862 452 2905 1597,
464 2873 500 2895 was
513 2862 531 2894 in
544 2859 657 2904 Conraauglrt,
665 2858 743 2909 between
752 2859 780 2892 the
794 2861 920 2909 indefatigable
931 2864 973 2899 Rea
981 2866 1038 2912 Hugh

266 2910 301 2942 and
309 2909 419 2942 Connaoians
428 2919 450 2942 on
459 2919 491 2941 666
500 2907 542 2948 side,
550 2906 585 2939 and
598 2906 629 2939 the
636 2903 713 2948 English
728 2913 749 2936 66
759 2904 787 2938 the
801 2907 857 2942 other.
885 2909 949 2943 O’Neil
957 2912 998 2946 does
1007 2918 1038 2946 not

266 2964 330 2999 appear
340 2958 358 2987 at
366 2954 396 2987 all,
