2237 3535
181 378 221 416 104
320 379 455 419 o’sunnuvari
469 391 571 419 ursroann
586 392 772 429 CATHOLICAE,T0l1.
785 394 809 420 rr.
869 379 919 432 [nra.
930 393 959 420 rv.

187 493 302 546 relinquitur
312 492 324 531 a
333 492 388 532 sociis
398 491 502 532 anchoram
518 491 599 532 breviter
614 490 744 542 molientibus,
755 492 834 546 velaque
847 495 905 532 vento
915 490 961 531 dau-

187 548 247 589 tibus.
277 547 330 591 Quos
341 560 364 586 ex
374 546 485 587 continente
501 545 623 600 prospiciens,
634 549 654 585 'et
668 559 745 596 vocans,
760 548 833 603 inipso
843 551 900 601 portu
910 546 962 586 videt

188 616 281 644 unacum
289 601 340 650 navi,
350 603 370 640 et
379 600 475 642 mercibus
485 601 549 643 subito
555 615 600 642 casu
607 600 668 641 obrui.
698 599 742 644 Qua
749 615 769 642 re
779 604 900 643 vehementer
910 615 961 642 conr-

188 661 252 698 motus
269 654 319 708 quod
336 655 379 710 ipse
397 656 456 697 fuerit
471 659 557 697 servatus
575 656 618 697 Deo
635 654 706 709 gratias
725 656 771 708 agit,
792 661 877 698 statuens
895 657 961 699 ,animo

187 713 245 753 vitam
269 710 326 751 aliam
350 725 407 764 agere
430 711 505 765 corpori
528 711 593 752 minus
615 708 748 765 periculosam,
771 716 791 751 et
814 713 881 754 animae
904 710 962 764 longe

186 766 283 807 tutiorem.
312 765 378 819 Igitur
387 766 494 806 litterarum
503 766 568 806 studio
577 780 598 806 se
607 769 671 806 totum
681 763 758 805 addicit.
777 765 852 808 Pietate
862 767 961 816 excellens,

187 824 206 861 et
222 820 309 861 doctrina
323 819 402 862 manna
418 821 471 861 rudis
488 821 574 862 sacerdos
592 820 646 861 brevi
665 824 792 870 cousecratur,
811 827 830 861 et
845 823 961 863 Ardmaclrae

187 875 348 930 archiepiscopus,
367 875 489 929 lberm'aequc
512 875 582 930 primas
601 876 734 928 inauguratur.
773 874 822 916 Mox
840 877 862 917 in
880 878 962 932 patriam

185 931 237 972 redit
246 931 344 984 sapientiae
354 930 429 980 divinae,
440 930 584 984 sanctitatisque
592 945 665 971 merces
674 944 709 983 pro
717 931 803 980 terrenis,
814 938 833 970 et
842 932 913 973 vilibus
926 933 961 972 im-

185 989 304 1040 pertonant
319 985 351 1026 his
366 985 442 1026 auxiliis
457 985 583 1040 popularibus
600 986 640 1026 suis
654 985 821 1026 vehementissima
829 987 962 1039 persecutione

186 1040 211 1082 ab
229 1040 343 1082 Ebaabetha
361 1040 456 1094 percussis
475 1041 524 1081 ferat
542 1055 598 1095 opem
612 1040 708 1081 salubrem
725 1040 831 1081 animabus.
868 1041 961 1083 Sanctum

186 1110 257 1136 munus
271 1098 349 1136 sanctus
364 1095 456 1136 Pontifex
472 1095 538 1136 obiens
555 1097 579 1137 ab
593 1096 664 1150 Anglis
682 1095 803 1136 sacerdotmn
813 1096 961 1148 inquisitoribus

186 1151 316 1204 deprehensus
332 1151 354 1191 in
367 1150 459 1204 Angliam
471 1152 561 1192 mitt'tur.
589 1151 782 1204 Londiniconjectus
791 1151 812 1192 in
825 1165 926 1200 carcerem,
943 1156 962 1192 et

185 1205 262 1247 vincula
272 1206 306 1247 diu
314 1206 443 1259 multumque,
457 1210 477 1246 ct
493 1206 575 1260 praemiis
587 1207 686 1254 inritatae,
700 1210 719 1245 et
732 1205 796 1255 minis,
807 1211 917 1260 terroreque
928 1221 961 1259 cp-

184 1265 289 1315 pugnatus,
299 1275 400 1315 nunquam
409 1261 513 1302 Catholicae
529 1261 635 1316 Religionis
653 1262 738 1302 desertor
754 1261 816 1301 voluit
829 1276 876 1302 esse.
905 1262 961 1302 Inter

185 1316 231 1357 alias
244 1331 274 1357 res
290 1316 307 1357 is
322 1320 403 1356 eventus
418 1316 468 1357 scitu
484 1317 554 1369 dignus
568 1321 680 1358 nostrorum
697 1329 729 1356 ore
746 1316 884 1357 circumfertur.
914 1316 961 1357 Fuit

185 1372 339 1426 archiepiscopus
349 1370 373 1412 ad
382 1372 446 1425 regios
457 1372 575 1413 consiliarios
583 1372 604 1413 in
612 1372 708 1426 judicium
721 1371 833 1424 productus,
843 1371 891 1412 inito
906 1372 960 1424 prius

185 1441 220 1481 per
228 1427 328 1468 haereticos
342 1426 429 1476 consilio,
440 1433 459 1468 et
474 1430 537 1480 pacto,
553 1431 576 1467 ut
591 1427 631 1467 filia
645 1426 730 1467 custodis
749 1427 829 1467 carceris
849 1428 960 1480 pontificem

127 1493 178 1536 [sa]
185 1485 274 1535 argueret
287 1485 372 1523 tentasse
385 1481 424 1535 ipsi
437 1482 476 1522 vim
491 1483 560 1523 inferre
573 1482 725 1536 pudicitiamque
743 1481 832 1534 uiolaret]
870 1481 960 1522 Stantem

185 1537 299 1578 Pontificem
330 1550 405 1577 sacrum
435 1551 471 1590 pro
501 1536 592 1578 tribunali
619 1537 667 1578 falso
692 1537 770 1577 crimine
794 1541 905 1577 accusatura
930 1537 961 1589 (ut

184 1595 225 1633 erat
235 1590 370 1645 compositum)
382 1591 446 1644 puella
456 1592 519 1646 specio
537 1592 624 1646 pulchra,
634 1596 654 1633 et
663 1595 732 1632 ornatu
742 1590 825 1645 elegans,
835 1606 905 1644 magua
915 1605 960 1632 con-

184 1647 305 1696 siliariorum,
316 1651 336 1686 ct
346 1646 433 1686 omnium
447 1647 612 1688 circumstantium
622 1647 753 1701 expectatione
763 1647 836 1687 curiam
845 1646 960 1700 ingreditur.

183 1701 279 1742 Caeterum
288 1701 309 1741 in
318 1701 417 1741 insontem
426 1715 471 1741 cum
486 1701 559 1742 lumina
568 1702 668 1752 infixisset,
679 1701 783 1750 obmutuit,
792 1702 883 1755 jussaque
892 1701 904 1741 ὲ
914 1716 959 1742 cou-

181 1756 256 1797 siliariis
265 1755 325 1809 loqui,
340 1755 417 1796 nullum
426 1755 507 1796 verbum
515 1757 580 1810 potuit
589 1757 686 1811 proferre:
702 1770 764 1810 neque
773 1756 827 1810 prius
836 1756 907 1798 vocalis
916 1756 959 1797 red-

181 1811 239 1861 ditur,
251 1825 308 1864 quam
318 1825 382 1851 secum
392 1811 452 1852 tacita
461 1811 562 1852 consilinm
577 1812 668 1865 iniquum
677 1815 752 1852 mutat:
768 1816 788 1851 et
797 1815 844 1852 tunc
854 1815 923 1865 praeter
932 1811 958 1860 id,

182 1866 235 1920 quod
251 1867 293 1920 ipsa
308 1869 401 1906 statuerat
418 1865 480 1915 antea,
497 1870 517 1907 et
533 1866 636 1908 consiliarii
651 1866 784 1920 expectabant,
794 1871 814 1906 et
820 1867 924 1920 jusserant,
938 1866 960 1906 in

182 1922 297 1962 contrariam
304 1934 372 1962 vocem
378 1920 443 1961 subita
448 1923 561 1975 prorumpit,
569 1921 645 1962 nullum
651 1921 900 1976 hominemArchiepiscopo
907 1936 960 1962 sanc-

181 1977 251 2017 tiorem
260 1977 272 2016 t
281 1990 301 2016 se
311 1989 397 2030 unquam
406 1975 466 2016 fuisse
475 1977 550 2027 visum;
565 1991 585 2017 se
595 1990 694 2031 nunquam
701 1977 724 2017 ab
735 1991 757 2018 eo
764 1976 823 2017 fuisse
828 1977 852 2017 ad
859 1980 960 2030 peccatura

180 2034 310 2085 provocatam,
320 2030 394 2071 nedum
403 2034 496 2080 coactam,
507 2045 568 2085 neque
577 2032 608 2072 vel
617 2035 680 2072 vestes
687 2046 730 2073 suas
740 2035 812 2073 tactas:
827 2032 885 2085 idque
893 2046 913 2071 se
921 2045 960 2071 nou

181 2101 238 2141 posse
247 2086 333 2136 inficiari,
344 2086 402 2126 etiam
411 2086 427 2126 si
437 2084 514 2127 necesse
530 2086 606 2136 habeat,
616 2088 671 2128 mori.
700 2088 787 2128 Antistes
798 2087 841 2127 verb
852 2090 930 2127 sauctus
940 2086 960 2126 in

182 2141 261 2182 eandem
278 2141 385 2182 custodiam
402 2145 489 2182 retrusus
499 2140 572 2195 aliquot
586 2145 631 2195 post
648 2141 715 2182 diebus
724 2141 811 2183 Creatori
820 2141 908 2195 spiritum
918 2141 960 2181 red-

181 2196 253 2237 didita

514 2478 572 2519 CAP.
588 2478 627 2519 Xl.

181 2598 268 2634 Patritius
277 2598 365 2633 0¹Helius
377 2599 448 2643 Moycae
462 2597 570 2642 Episcopus,
578 2601 596 2630 et
609 2596 648 2640 ejus
660 2596 717 2630 socius
732 2597 829 2632 Connatius
844 2598 958 2633 O'Ruarlrius

363 2643 479 2677 Franciscani
487 2642 572 2688 religiosi,
582 2647 600 2675 et
608 2641 670 2685 inclyti
679 2641 773 2687 Martyres.

180 2752 249 2793 Niara
257 2752 324 2793 mitius
334 2755 363 2793 cst
375 2755 440 2793 actum
451 2766 495 2792 cum
502 2748 620 2792 Patritio'O’
622 2748 680 2790 Helio
691 2750 767 2806 Moyoae
780 2752 878 2807 Episcopo
888 2757 908 2794 et
917 2755 958 2808 ejus

180 2807 232 2848 socio
241 2807 336 2849 Connatio
354 2806 467 2856 O'Ruarko,
478 2806 501 2847 de
511 2806 582 2860 quibus
591 2818 628 2858 ego
634 2804 687 2858 jant
697 2806 724 2848 ita
734 2808 808 2862 scripsi.
836 2808 867 2849 aa
875 2808 957 2851 miserri-

204 2916 212 2932 ⁸
224 2914 256 2947 See
263 2913 323 2947 David
330 2913 400 2947 Rothes
408 2913 501 2948 Analecta.

203 2958 289 3003 tlmplies
297 2959 400 3003 apparently
408 2959 448 2992 that
456 2958 478 2991 he
487 2958 523 2991 had
532 2957 606 2991 written
614 2956 634 2995 it,
647 2969 665 2991 as
674 2963 714 3002 part
723 2959 743 2992 cf
749 2970 797 2993 some
807 2958 858 2993 other
866 2961 921 2994 work.
