2237 3535
250 361 289 399 198
394 364 528 406 o’snnnrvrur
543 379 645 408 ursronrn
660 379 785 420 0111101101,
795 383 842 411 ron.
858 383 891 411 nr.
944 370 993 422 [rna
1002 382 1022 409 r.

249 469 343 523 pollentes
361 473 394 514 vix
410 474 484 528 aliquid
497 476 558 516 relatu
575 476 656 530 dignum
672 481 778 529 gesserunt.
806 479 838 521 Ita
854 479 958 520 Momoniae
968 479 1023 532 copia

249 539 319 577 rerum,
330 541 373 580 quae
382 529 407 569 ad
416 530 489 571 victum
498 531 626 584 pertinebant,
642 530 767 581 abundantes,
778 547 829 585 suos,
840 534 961 576 Gonnachtos
972 533 1022 573 mul-

250 583 286 630 tos
297 585 316 622 et
326 582 421 636 Lagenios
441 585 520 639 aliquot,
531 586 630 627 devastata
645 587 708 639 parua
724 586 797 628 victum
814 593 920 643 quaerentes
938 587 1022 629 alebant.

249 635 322 677 Earum
331 638 431 691 praefectus
442 638 456 679 J
456 640 537 680 ohannis
547 641 616 681 Norris
626 640 699 682 obierat
713 641 769 691 diem,
779 646 802 682 ut
811 645 909 695 vidimus;
925 643 955 685 cui
964 643 1023 684 irater

249 690 332 732 Thomas
342 692 410 733 Norris
420 694 449 733 vir
459 693 532 735 bellicae
542 695 648 749 disciplinae
657 710 697 736 non
704 696 782 750 ignarus
793 700 891 741 successit.

592 972 650 1041 011.
666 973 696 1034 rr.

250 1109 401 1148 Quemadmodum
409 1109 476 1144 bellum
489 1111 512 1145 sit
523 1110 542 1144 in
556 1111 657 1189 Mpmfonias
671 1112 778 1190 ttranslatum
792 1117 810 1146 et
818 1113 848 1157 qui
856 1114 878 1147 ab
886 1114 949 1159 Anglis
958 1116 1019 1149 statim

591 1168 600 1189 e
609 1168 674 1190 ecerun
684 1182 689 1192 .

247 1278 273 1318 Iu
283 1277 320 1318 hoc
330 1280 383 1317 statu
391 1291 456 1317 rerum
470 1278 539 1319 Petrus
549 1278 629 1319 Lessius
645 1279 716 1319 nobilis
730 1293 788 1333 eques
802 1279 915 1320 Momonius
925 1280 954 1320 vir
964 1281 1023 1321 animi

248 1333 323 1387 plenus
333 1346 369 1373 nec
386 1332 500 1386 eloquentiae
516 1334 579 1374 inanis
596 1334 679 1388 Anglos,
694 1334 716 1374 in
733 1349 781 1388 quos
798 1334 875 1389 aliquod
890 1334 962 1376 crimen
972 1350 1024 1376 com-

249 1388 332 1437 miserat,
342 1387 425 1441 fugiens
431 1388 452 1428 in
460 1388 565 1442 Lageniam
572 1389 665 1429 Huonem
672 1389 784 1430 O’Morram
792 1390 839 1441 adit,
849 1391 904 1444 eique
914 1390 1023 1444 persuadet,

249 1443 302 1483 utin
311 1442 422 1483 Momonias
438 1443 496 1483 faeiat
513 1444 654 1497 expeditionem
663 1444 684 1485 :h
697 1444 719 1484 id
732 1445 833 1498 plerosque
849 1445 961 1486 Momonios
972 1460 1023 1485 sum-

250 1512 327 1551 mopere
337 1501 439 1551 exoptare:
454 1497 559 1539 rebellandi
574 1499 655 1553 cupidos
672 1513 726 1540 esse:
740 1514 806 1550 ornnes
817 1500 927 1540 Giraldinos
938 1500 1024 1541 Jaimum

251 1552 374 1593 Giraldinnm
390 1556 486 1593 creaturos
502 1553 614 1594 Desmoniae
631 1554 727 1603 comitem,
737 1559 757 1595 et
773 1554 841 1594 ducem
852 1559 962 1596 secuturos:
978 1555 1024 1595 Mac

251 1607 332 1648 Carrhas
348 1607 459 1648 Desmoniae
476 1608 559 1661 aliquem
576 1608 614 1648 sibi
630 1609 737 1662 principem
753 1609 853 1649 electuros.
888 1609 947 1653 Quod
962 1609 1024 1650 Huon

251 1662 353 1703 consilium
370 1662 555 1715 probarrs,O'Nello
574 1664 743 1713 consentientem
761 1664 811 1704 hane
830 1664 939 1718 opinionem
954 1665 1024 1705 amieos

251 1731 301 1767 suos,
312 1717 346 1770 qui
362 1717 383 1756 in
399 1716 486 1770 Lagenia
502 1718 575 1758 bellum
591 1718 757 1768 administrabant,
772 1722 843 1759 movet.
872 1719 901 1759 Hi
911 1726 964 1759 erant
974 1719 1024 1773 Ray-

249 1771 334 1813 mundus
353 1771 432 1812 Burkus
451 1771 549 1813 Lietrimae
573 1772 620 1814 baro
644 1787 690 1813 cum
708 1773 804 1813 Gulielmo
828 1774 892 1824 fratre,
911 1774 1024 1828 Dermysius

251 1826 366 1868 O'Conchur
376 1841 421 1867 curn
431 1826 698 1877 duobusfratribusOarbrio,
706 1827 1022 1877 01011111,111011111111101115.

250 1882 310 1923 Huon
321 1881 392 1922 ducens
408 1882 484 1935 pedites
501 1883 629 1935 octingentos,
640 1887 659 1932 et
676 1883 749 1936 equites
767 1883 841 1924 circiter
856 1884 937 1937 triginta
946 1884 1025 1924 celerius

250 1937 336 1978 omnium
346 1937 436 1990 opinione
442 1937 466 1977 'in
476 1937 586 1978 Momonias
595 1938 623 1978 ire
633 1938 739 1988 contendit,
749 1937 808 1978 Lisiae
822 1940 910 1979 custodia
919 1939 1024 1979 Edmundo

249 1992 303 2033 tratri
320 1991 440 2033 demandata.
475 1992 544 2033 Comes
559 1992 666 2033 Urmonius
683 1994 734 2046 regii
753 1994 847 2033 exercitus
866 1995 976 2047 imperator,
997 1994 1025 2034 illi

250 2047 326 2089 obviam
336 2047 399 2087 iturus
406 2046 515 2097 ridebatur,
525 2047 558 2088 sed
569 2062 609 2089 non
618 2048 653 2088 ivit
662 2048 694 2089 vel
713 2048 791 2089 Huonis
801 2048 897 2089 eeleritate
907 2053 1024 2098 anteversus,

250 2103 280 2143 vel
289 2101 355 2156 praelio
371 2103 453 2156 experiri
468 2116 510 2143 non
524 2117 589 2144 ausus.
618 2104 702 2144 Thomas
712 2103 783 2144 Norris
793 2103 870 2156 Anglus
880 2104 1024 2144 Momoniarum

250 2158 352 2212 prefectus
362 2172 402 2198 suae
410 2158 515 2211 provinciae
523 2172 564 2199 uon
579 2159 659 2212 ignarus
677 2173 718 2199 esse
732 2158 746 2205 ¹d
754 2158 853 2212 provincia
866 2158 948 2207 hostemv
956 2173 1025 2209 arcere,

250 2212 377 2267 praesidiarios
396 2213 474 2262 milites,
494 2212 639 2254 Momoniarum
656 2213 757 2263 delectum,
782 2212 894 2253 Momonios
918 2214 1026 2267 optimates,

251 2264 411 2322 quammaximae
420 2268 515 2309 brevitate
523 2269 616 2322 temporis
625 2269 675 2309 vires
685 2269 750 2323 potuit
759 2282 878 2321 comparare,
885 2268 971 2309 Moalanr
981 2283 1025 2315 con-

250 2326 312 2373 vocat,
322 2337 363 2377 prae
374 2337 395 2363 se
401 2323 465 2364 ferens
474 2322 502 2363 ibi
512 2323 560 2364 velle
570 2338 615 2364 cum
625 2324 699 2364 Huone
709 2323 817 2376 confligere.
846 2323 879 2363 1111
888 2323 950 2364 Huon
957 2338 1026 2377 appro-

251 2379 347 2432 pinquans
356 2379 469 2431 magnificas
478 2378 551 2419 litteras
561 2379 635 2429 scribit,
646 2378 717 2432 quibus
728 2378 751 2419 ab
761 2392 784 2418 eo
794 2377 849 2430 petit,
858 2382 881 2418 ut
891 2379 931 2420 acie
942 2379 1025 2419 dimicet.

252 2433 317 2479 Quam
329 2433 462 2474 conditionem
471 2433 541 2474 Norris
550 2448 641 2475 recusans
651 2434 722 2475 Moalae
736 2433 842 2482 constituto
859 2434 947 2487 praesidio
958 2434 1026 2474 Ocrea-

251 2489 306 2530 cham
321 2488 399 2542 refugit.
429 2488 491 2529 Huon
506 2489 599 2543 sequitur,
616 2493 637 2530 et
652 2490 694 2543 ejus
711 2488 777 2529 velites
793 2502 837 2528 cum
853 2488 940 2529 Norrisis
956 2489 1026 2529 ultimo

251 2544 327 2597 agmine
337 2543 404 2584 leviter
414 2543 519 2584 missilibus
528 2548 623 2598 pugnant.
654 2545 700 2585 Sine
709 2557 762 2583 mora
772 2542 828 2583 multi
837 2548 907 2597 praeter
916 2543 1027 2596 opinionem

252 2599 347 2640 Momonii
357 2599 381 2640 ab
398 2599 469 2653 Anglis
486 2598 583 2650 deficiunt,
593 2600 688 2641 Patritius
698 2597 814 2647 Giraldinus,
825 2600 859 2653 qui
868 2599 914 2640 Mac
924 2598 993 2649 Moris
1008 2603 1027 2639 et

273 2731 282 2747 *
295 2729 339 2762 This
348 2728 449 2773 expedition
457 2732 476 2762 to
485 2727 568 2762 Munster
582 2740 618 2762 was
633 2728 682 2772 early
695 2727 714 2760 in
722 2726 807 2767 Autumn,
817 2730 868 2763 1598.
894 2728 981 2763 O'Moore
993 2730 1027 2763 and

252 2775 278 2808 his
286 2773 381 2808 associates
389 2773 486 2808 recovered
499 2774 522 2807 all
536 2774 567 2807 the
580 2773 682 2808 territorias
697 2772 718 2805 of
727 2772 757 2806 the
767 2773 877 2813 Geraldines,
887 2778 950 2818 except
959 2774 1026 2808 (110110-

250 2820 304 2862 main,
311 2819 409 2861 Askeaton,
418 2819 454 2852 and
461 2819 615 2854 Mallow.-Fonr
623 2818 708 2856 Masters,
716 2828 733 2860 p.
743 2817 852 2859 2077-2083,
860 2819 896 2852 and
909 2819 988 2863 expelled
995 2820 1026 2854 the

254 2864 329 2909 English
343 2865 466 2905 undertahers
480 2864 501 2898 of
509 2864 568 2897 whom
583 2866 628 2897 1800
642 2862 678 2896 lled
690 2866 709 2895 to
719 2862 827 2903 Waterford
836 2865 871 2898 and
879 2864 935 2897 sailed
946 2864 998 2898 home
1006 2870 1025 2898 to

254 2909 466 2953 England.-.Lombard,
474 2920 491 2953 p.
500 2911 540 2942 408.
566 2908 596 2942 sir
605 2909 685 2941 Thomas
693 2906 757 2941 Norris
767 2920 800 2942 was
809 2909 908 2954 compelled
916 2913 934 2943 to
943 2909 1025 2944 abandon

254 2953 281 2987 his
289 2953 368 2997 splendid
376 2955 436 2999 palace
445 2959 464 2988 at
472 2954 550 2996 Mallow,
558 2954 593 2988 and
601 2953 657 2987 retire
665 2956 684 2985 to
694 2952 742 2986 Oorlr
750 2965 771 2987 or
780 2954 897 2999 Garrigaline.
