2237 3535
222 849 330 898 DOMINI
357 848 488 896 PHILIPPI
515 832 704 895 o’sumuvnur
732 849 843 902 aarum
871 848 984 907 runaut,

291 952 449 996 COMPENDII
463 951 604 993 HISTORIAE
619 951 784 993 CATHOLICAE
794 953 927 1003 IBERNJAE,

475 1035 570 1077 TOMUS
585 1034 735 1077 SECUNDUS.

218 1157 252 1199 Dr
262 1156 345 1198 Iberniae
351 1157 441 1198 laudibus
451 1159 471 1198 et
480 1157 595 1198 Ibernorum
606 1157 686 1210 origine,
694 1156 818 1208 moribusque
828 1157 925 1211 superiore
935 1157 996 1198 Tomo

219 1212 293 1253 dietum
311 1216 347 1252 est.
376 1212 409 1253 Ad
425 1216 492 1253 caetera
506 1213 547 1266 jam
563 1212 690 1265 accingamur.
719 1214 738 1252 A
753 1211 824 1265 quibus
839 1213 900 1252 nosrn·
914 1213 996 1265 majores

217 1267 291 1308 fuerint
300 1267 384 1320 impetiti
391 1271 411 1308 et
420 1266 519 1308 Catholioa
528 1267 576 1307 fides
585 1271 698 1321 oppugnata
708 1279 712 1303 τ
727 1266 889 1319 lbermamAngh
899 1280 937 1319 quo
945 1268 995 1320 jure,

218 1326 238 1362 et
247 1338 258 1363 a
275 1336 313 1375 quo
327 1321 423 1363 habeant:
438 1337 486 1376 quas
495 1322 576 1363 tulerint
585 1322 644 1376 leges,
655 1322 817 1375 quemadmodum
825 1322 847 1361 in
856 1321 962 1362 Ecclesiam
976 1327 996 1362 et

218 1377 340 1431 Religionem
349 1377 421 1418 Christi
430 1378 573 1431 conjuraverint
580 1380 599 1416 et
616 1378 637 1417 in
649 1378 702 1431 ipsos
711 1377 778 1418 lberni
793 1376 850 1417 multi
858 1391 893 1429 pro
902 1376 997 1417 Numinis

217 1433 261 1486 lege
280 1447 331 1486 saepe
348 1432 516 1486 conspiraverint?
546 1432 595 1473 Inde
612 1432 825 1482 horumconsranuan,
839 1432 996 1473 illorumsaevam

218 1487 361 1541 temulentiam,
372 1492 392 1528 et
401 1488 528 1541 tyrannidem.
538 1487 708 1528 invictissimorum
722 1491 828 1541 martyrum
837 1491 857 1527 et
867 1488 924 1527 etiam
932 1487 996 1541 perdi-

219 1547 285 1583 torum
295 1545 352 1596 atque
362 1543 551 1584 sceleratissimorum
561 1543 662 1582 hominum
671 1543 723 1583 varia
733 1542 820 1596 exempla
827 1542 931 1583 videamus.

454 1709 766 1716 ————————-—-

475 1833 547 1875 ΤΟΜΙ
560 1834 705 1875 IL-LIBER
718 1835 736 1875 Ι.

401 1938 473 1972 Ibernia
480 1939 569 1984 quomodo
577 1939 600 1974 sit
611 1939 634 1973 ab
646 1940 710 1985 Anglis
717 1940 803 1974 obtenta?

217 2040 265 2081 Hoo
274 2039 330 2089 libro,
334 2038 373 2134 (qui
379 2038 400 2079 in
408 2038 495 2102 lberuos,
502 2043 522 2079 et
535 2039 663 2081 Christianam
673 2040 794 2094 Religionem
804 2041 876 2082 bellum
886 2042 994 2083 mouerint:

217 2095 332 2150 quemadmo
347 2108 381 2134 um
391 2094 468 2135 Iberma
478 2109 498 2135 m
505 2094 615 2148 Anglorum
624 2099 740 2148 potestatem
748 2098 823 2137 venerit
828 2114 835 2146 ,-
851 2097 958 2150 quibusque
968 2098 995 2137 le-

216 2150 407 2246 {ilidldnsiiiiroreges
427 2149 509 2202 Angliae,
529 2164 575 2190 oum
593 2150 688 2191 Catholici
701 2150 787 2200 luerunt,
813 2152 995 2202 administraverint,

447 2320 763 2327 *m-

558 2446 615 2488 CAP.
631 2447 649 2486 I.

217 2554 325 2588 lbernorum
339 2553 387 2587 inter
401 2552 484 2592 rebella,
499 2557 517 2586 et
530 2557 593 2586 contra
607 2552 655 2597 ipsos
667 2552 744 2585 subactae
752 2552 811 2596 gentis
819 2554 930 2596 rebelliones,
945 2562 993 2591 ante-

367 2610 420 2644 quam
429 2598 549 2632 Christianam
557 2598 615 2631 lucem
620 2608 710 2641 recepere,
716 2602 845 2633 memorantur.

149 2717 151 2721 ι
217 2692 328 2733 Pururorro
339 2691 409 2733 lberni
422 2691 466 2744 ipsi,
481 2691 514 2732 alii
529 2691 578 2732 alios
592 2704 634 2730 non
647 2690 731 2743 segniter
745 2691 837 2744 aggressi,
844 2693 936 2734 intestina
945 2693 995 2735 bella

218 2761 268 2801 saepe
287 2751 394 2801 gesserunt.
423 2746 478 2787 luter
492 2747 573 2787 minima
582 2759 623 2785 uon
632 2746 714 2785 refertur
722 2743 776 2795 illud,
788 2759 826 2798 quo
835 2746 928 2800 Eoganus
938 2749 994 2804 Mag-

218 2816 256 2842 nus
268 2802 414 2843 Momoniarum
423 2801 465 2843 Rex
481 2802 539 2842 Siurii
549 2801 645 2854 princeps,
657 2799 703 2839 dum
713 2815 725 2839 a
738 2800 778 2840 suis
789 2801 887 2851 deseritur,
898 2817 909 2842 a
920 2803 994 2848 Quinto
1050 2835 1053 2837 -

218 2856 376 2909 Septentrionalis
392 2857 475 2898 iberniae
484 2872 530 2910 rege
539 2856 607 2910 pulsus
618 2855 639 2895 iu
649 2854 764 2907 Hispaniam
773 2856 833 2904 venit,
843 2856 877 2897 ubi
886 2858 906 2898 in
914 2873 993 2902 uxorem

217 2911 277 2952 ducta
291 2911 349 2964 Regis
369 2912 468 2966 Hispaniae
482 2912 521 2952 filia
531 2926 576 2952 cum
586 2909 649 2950 tribus
664 2908 750 2950 millibus
765 2909 897 2964 Hispanorrun
906 2928 994 2957 reversus

217 2967 309 3008 amissum
316 2980 397 3020 regnum
403 2967 527 3021 recuperauit.
552 2966 647 3007 Praeterea
654 2978 701 3019 gens
707 2964 745 3015 illa,
754 2979 797 3019 quae
806 2966 844 3007 fuit
853 2982 864 3008 a
873 2971 943 3011 nostris
953 2986 993 3013 ma-
