2237 3535
202 376 229 414 62
336 376 478 420 ,c’sunnnvanr
493 387 594 415 ursaonae
609 387 735 427 carucarum,
750 388 798 417 ron.
813 388 838 416 11.
894 375 945 427 [1111.
960 388 974 416 1.

201 483 277 535 medici,
289 489 379 537 oratores,
389 490 456 540 poetae,
467 499 533 526 omnes
547 484 654 525 litterarum
669 486 791 537 professores,
806 484 893 534 studiosi,
902 484 975 526 littera-

200 553 246 580 rum
256 541 360 594 gymnasia,
370 542 477 590 societates,
486 540 621 594 possessiones,
634 538 687 579 bona
700 540 833 582 incolumitate
847 538 975 581 donabantur.

200 594 235 635 Ita
244 596 319 637 videres
329 596 460 650 circumjectos
476 610 536 650 pagos
552 595 614 647 diripi,
630 594 747 648 oppidorum
761 596 831 637 maenia
840 595 902 644 dirui3
919 609 975 649 agros

201 650 293 702 incendio
301 652 387 705 flagrare,
398 652 462 691 omnia
474 650 551 691 victoris
565 651 628 690 imore
642 648 702 689 everti
708 666 715 698 ,¹
731 653 825 692 ettamen
837 649 975 704 rempublicam

201 703 247 745 cum
256 706 339 746 fortunis
349 707 388 746 suis
399 705 519 746 omnibusne
529 704 560 745 vel
569 705 648 745 minima
654 704 726 757 injuria
732 705 797 746 laesam
802 721 849 759 pace
856 710 875 746 et
882 705 975 759 tranquil-

200 758 257 800 litate
266 760 354 813 gaudere.
378 760 468 813 Namque
475 760 549 799 litteras
559 773 599 799 non
608 759 666 799 modo
676 772 790 812 oppugnare
799 761 833 802 sed
841 775 882 801 non
889 774 975 815 propug-

200 827 260 866 nare,¹
271 815 362 856 Ecclesiae
368 814 471 855 Catholicae
480 815 601 854 sanctitatem
610 828 651 854 non
656 813 715 854 modo
721 814 797 864 violare,
808 816 842 856 sed
851 830 891 856 non
900 830 975 856 summe

147 888 194 931 [ὄᾶ]
201 869 270 932 colere,
280 870 406 964 sacriltpgrpim,
417 871 512 963 etlcontrp
516 868 596 963 dillume
602 869 720 909 nonferrum
728 869 762 909 sed
771 870 866 911 calamum
874 872 972 923 exerceret}

200 937 232 964 ma
241 939 282 965 ores
291 939 326 965 nos
344 938 352 963 1
381 937 426 964 rma
443 938 453 963 e
467 938 517 963 esa
539 937 602 964 erun.

229 939 261 1020 Ab
271 993 321 1019 anno
331 978 395 1019 ciciter
405 937 544 1018 alarinum.
555 981 589 1018 aut
598 978 651 1032 quad
660 981 737 1032 tempus
746 979 807 1032 Angli
822 982 867 1020 sunt
876 979 974 1020 Iberniam

199 1034 282 1087 ingressi
294 1047 354 1087 nsque
364 1032 388 1073 ad
398 1047 471 1074 annum
480 1032 614 1074 MDXXXH.
626 1047 664 1086 quo
679 1032 777 1074 Henrious
793 1033 877 1076 Octavus
894 1035 974 1088 Angliae

199 1088 263 1129 Rara
278 1088 316 1129 fide
332 1087 431 1128 Catholioa
447 1088 534 1138 descivit,
550 1102 584 1141 per
600 1102 661 1129 annos
670 1090 767 1129 trecentas
776 1090 875 1142 sexaginta
885 1094 973 1142 quatuor,

198 1143 308 1196 Anglorum
317 1142 373 1193 bello,
384 1143 456 1196 injusta
465 1143 602 1193 moderatione,
612 1143 685 1197 rapinis
696 1143 718 1183 iu
727 1142 811 1193 Ibernio,
822 1157 862 1184 non
870 1145 929 1184 modo
939 1159 973 1185 sae-

198 1197 268 1238 colaris
277 1197 385 1251 respublica
395 1198 428 1238 sed
439 1198 496 1239 etiam
510 1198 638 1239 ecclesiastiea
651 1198 752 1251 disciplina
761 1202 781 1239 et
789 1198 897 1239 litterarum
906 1199 973 1252 palaes-

197 1257 228 1293 tra
236 1252 332 1302 turbatur,
342 1266 416 1306 suoque
426 1253 529 1307 splendore
542 1253 613 1293 sensim
622 1254 710 1307 privatur
715 1271 721 1304 ;
736 1252 871 1307 adjuvantibus
881 1253 974 1294 domesti-

197 1308 225 1402 pis
242 1307 342 1348 discordiis
357 1308 479 1358 Ibernorum,
496 1309 530 1362 qui
544 1308 632 1362 religioni
648 1311 667 1349 et
681 1308 757 1358 litteris,
772 1322 813 1349 non
823 1308 897 1348 crateris
907 1322 973 1361 paroe-

211 1367 251 1403 ant.

226 1418 259 1458 Ab
268 1432 319 1458 anno
329 1418 464 1459 MDXXXII.
475 1432 513 1471 quo
523 1418 584 1472 Angli
593 1418 614 1458 in
624 1418 697 1459 Christi
710 1418 822 1471 religionem
832 1418 972 1470 conspirarunt,

198 1487 261 1525 usqne
277 1473 301 1514 ad
317 1474 369 1514 hunc
386 1473 535 1523 MDOXVHI,
550 1488 584 1527 per
600 1488 661 1514 annos
678 1473 778 1526 octoginta
791 1487 832 1523 sex,
846 1473 974 1514 ecclesiastica

198 1527 283 1568 Iberniae
299 1527 412 1582 respublica,
427 1528 536 1569 litterarum
553 1528 644 1578 studium,
662 1527 757 1580 quidquid
773 1527 798 1568 ad
809 1527 842 1580 jus
856 1527 944 1568 divinum
953 1532 973 1568 et

198 1583 307 1623 humanum
316 1584 405 1636 pertinet,
418 1582 442 1623 ab
457 1583 527 1637 Anglis
541 1583 629 1624 funditus
644 1583 731 1624 deletur:
746 1597 796 1623 nova
806 1583 901 1636 dogmata,
912 1582 972 1622 haere-

120 1641 122 1645 '
198 1637 233 1678 tici
243 1652 315 1678 errores
325 1637 484 1688 substituuntur3
493 1639 532 1691 ipsi
540 1637 583 1678 Deo
593 1642 612 1679 et
622 1638 696 1692 superis
706 1637 778 1678 bellum
785 1638 873 1686 infertur,
881 1640 904 1677 ut
913 1637 972 1678 infer-

196 1693 237 1732 rius
246 1693 288 1733 tuse
299 1692 478 1733 demonstrabimus.
507 1693 590 1733 Interim
607 1691 718 1746 quomodo
734 1692 812 1732 Ibernia
826 1692 847 1732 in
862 1692 971 1745 Anglorum

196 1746 289 1787 ditionem
299 1748 377 1798 venerit,
389 1761 427 1800 quo
435 1749 485 1801 jure,
494 1748 565 1800 quibus
575 1748 649 1789 aurriliis
660 1748 686 1788 sit
695 1746 719 1787 ab
728 1747 766 1787 illis
776 1747 856 1788 obtenta
865 1747 970 1788 videamus.
1041 1763 1042 1766 ¹

524 2021 582 2062 CAP.
595 2020 637 2061 ΙΠ.

367 2116 519 2158 Quemadmodum
528 2114 583 2159 Angli
592 2114 627 2148 sint
635 2113 725 2147 Iberniam
733 2112 799 2157 potiti?

194 2195 235 2236 Sua
246 2207 319 2235 annum
329 2192 464 2247 Redemptoris
475 2192 518 2241 orti,
529 2190 669 2239 Maurum,
680 2204 726 2230 cum
734 2189 877 2242 regulidr'versi
887 2188 968 2229 diversis

194 2249 277 2290 Iberniae
291 2248 355 2302 regnis
367 2248 506 2301 imperitarent,
521 2246 634 2299 Dermysius
644 2245 691 2285 Mac
701 2244 809 2284 Murchuus
823 2244 914 2297 Irageniae
926 2258 968 2284 mc-

194 2305 270 2346 derator
279 2303 379 2344 O'Ruarki
396 2302 488 2357 principis
498 2315 584 2349 uxorem,
595 2299 735 2341 O'Melaohlini
744 2299 809 2349 filiam,
822 2299 918 2340 faeminam
927 2302 968 2339 tam

193 2374 262 2413 genere
272 2360 348 2408 claram,
364 2363 408 2399 tum
417 2358 479 2398 forma
494 2356 597 2410 pulchram
610 2355 673 2408 specie
683 2357 751 2407 captus
760 2355 836 2407 rapuit,
850 2357 968 2408 rogatusque

192 2415 292 2455 restituere
302 2414 370 2454 noluit.
401 2412 481 2454 Sceleris
495 2412 580 2452 faeditate
590 2425 630 2451 non
643 2409 707 2450 solum
717 2408 821 2450 &nuato
831 2409 889 2449 bilem
898 2409 966 2457 movit,

193 2469 226 2510 sed
243 2470 301 2511 etiam
317 2468 416 2510 Rotherici
434 2467 565 2508 O’Oonohuris
585 2465 702 2507 Gonnaohtae
717 2464 768 2517 regis
785 2467 804 2504 et
820 2464 901 2504 aliorum
915 2477 968 2503 arma

192 2525 314 2578 provocavit:
329 2524 468 2577 clientiumque
477 2536 556 2563 suorum
566 2522 659 2562 animosa
668 2534 689 2560 se
699 2519 773 2559 avertit.
792 2519 824 2559 Ab
834 2519 863 2559 his
874 2518 966 2567 desertus,

193 2580 216 2620 ab
225 2580 263 2620 illis
272 2580 371 2621 lacessitus
381 2580 403 2619 in
412 2577 503 2631 Angliam
513 2577 571 2631 fugit,
581 2576 675 2616 1111111111
686 2574 711 2615 ad
720 2574 811 2614 amissum
820 2586 902 2626 regnum
911 2586 966 2613 recu-

192 2634 298 2688 perandum
306 2635 396 2688 petitum.
426 2633 532 2687 Stipulatns
543 2632 566 2673 ab
574 2632 648 2684 aliquot
657 2628 727 2683 Anglis
736 2628 782 2669 uiris
795 2627 891 2669 nobilibus
901 2641 965 2681 opem,

192 2690 213 2729 in
222 2689 319 2731 iberniam
329 2689 365 2730 sub
374 2690 445 2743 priuati
454 2688 537 2729 hominis
544 2700 626 2741 persona
634 2689 723 2726 revectus
733 2686 767 2724 est.
787 2682 828 2723 Ubi
835 2696 869 2736 per
877 2682 965 2736 hyemem

192 2758 251 2784 unam
265 2759 305 2786 suae
319 2745 408 2786 factionis
424 2744 520 2798 principes
537 2742 649 2783 confirmat:
665 2739 712 2779 alios
722 2737 840 2792 suscipiendi
848 2736 893 2778 belli
903 2737 965 2778 socios

191 2803 294 2852 comparat.
314 2800 339 2840 Iu
348 2800 435 2853 sequenti
445 2813 489 2840 vere
496 2797 557 2852 Angli
567 2795 650 2838 Iberniac
660 2793 758 2855 littoribus
769 2792 848 2855 classem
858 2791 964 2855 applicarit,-

191 2855 218 2894 eis
228 2853 339 2908 Dermysius
348 2854 465 2896 lbernorurn
480 2854 565 2895 exercitu
578 2850 686 2903 conscripto
701 2852 717 2889 lt
733 2847 814 2898 abnam,
832 2862 863 2888 eos
873 2848 963 2889 111111111-

190 2909 299 2949 cautissime
309 2913 328 2949 et
337 2911 466 2951 amantissime
476 2910 554 2962 excipit.
583 2907 633 2947 Cum
642 2904 680 2945 illis
696 2903 755 2958 copiis
769 2903 883 2957 conjunctis,
893 2902 962 2944 Dubh-

189 2965 270 3014 linnam,
277 2963 386 3017 Manapiam
396 2969 415 3006 et
425 2965 461 3006 alia
468 2965 545 3018 oppida,
554 2977 597 3017 quae
605 2960 703 3010 Oosmani,
714 2972 787 3001 novum
794 2959 893 3001 hominum
900 2973 961 3013 genus
