2237 3535
272 408 312 447 180
410 411 545 451 o'surnavaur
558 423 661 451 ursromn
675 425 860 464 OA'rHOL10AE‚r0M.
876 425 909 453 111.
954 411 998 464 [ma
1013 423 1042 453 rr.

269 531 318 570 equo
328 518 387 568 labat,
398 521 451 573 cujus
461 520 517 560 etiam
533 520 637 573 equitatus,
648 525 667 560 et
680 521 778 574 peditatus
795 528 850 577 terga
859 523 922 564 vertit.
951 520 1044 572 Sequitur

269 571 345 614 Jaimus
356 590 389 628 per
400 576 435 614 tria
447 575 522 614 circiter
538 575 598 615 millia
615 589 675 628 usque
688 576 712 616 ad
727 590 797 628 arcem,
808 593 842 632 per
851 578 904 632 quod
912 574 1043 624 intervallum,

268 628 332 681 regiis,
347 634 370 669 ut
387 629 466 682 quisque
482 629 494 668 a
509 629 613 671 Catholicis
630 645 687 671 cursu
703 631 834 683 superabatur,
851 633 924 681 occisis,
938 631 970 672 m'r
983 629 1043 670 cladis

268 684 335 724 nuncii
351 684 464 736 effugerunt.
494 684 591 726 Barnabal
607 685 654 725 baro
669 700 713 726 cum
730 685 875 728 Midhiensibus
894 687 952 741 copiis
968 684 1043 738 Anglo-

269 736 351 788 Ibernis,
372 741 391 777 et
409 738 483 792 aliquot
499 740 570 793 Anglis
589 740 701 781 cohortibus
724 741 819 782 Aun'liam
843 743 943 784 devastans
967 741 978 780 a
997 739 1044 780 blac

269 792 366 845 Magauno
376 793 455 834 Auriliae
465 794 552 847 principe
561 795 656 844 funditur,
667 799 685 836 et
695 796 781 849 fugatur.

268 1213 382 1247 Portmorem
392 1225 450 1248 arcem
459 1215 553 1255 O'Nellus,
568 1220 586 1249 et
605 1215 714 1249 O'Donellus
727 1215 796 1248 frustra
807 1218 915 1259 oppugnant.
941 1212 1045 1245 Bernardus

440 1260 527 1295 O'Morra
536 1272 575 1294 cum
584 1261 638 1306 regiis
646 1260 725 1294 faeliciter
734 1260 785 1305 signa
793 1261 867 1293 confert.

269 1380 379 1422 O'Nrnnus
395 1383 471 1435 quando
487 1383 566 1437 quidem
578 1384 650 1424 frustra
666 1388 746 1424 conatus
762 1388 791 1424 est
806 1383 921 1423 Ardmachae
935 1382 1045 1437 praesidium

269 1441 376 1477 commeatu
385 1437 519 1488 intercludere,
529 1438 649 1479 Portmorem
659 1440 726 1480 saltem
745 1440 888 1479 munimentum
898 1437 936 1479 cibi
944 1438 1009 1491 inopit
1023 1438 1045 1477 in

271 1506 323 1532 suam
333 1496 449 1545 potestatem
464 1494 550 1546 redigere
566 1494 666 1534 molitur.t
694 1493 753 1538 Quod
768 1494 864 1535 obsidenti
874 1492 999 1542 O’Donellus,
1011 1493 1045 1545 qui

270 1547 323 1586 venit
333 1547 404 1587 auxilio
413 1549 515 1601 persuasit,
523 1552 547 1587 ut
565 1563 673 1602 expugnare
688 1552 778 1589 tentaret.
807 1549 855 1602 ltjus
870 1548 990 1589 altitudinem
1000 1561 1045 1588 con-

270 1602 344 1655 jectura
360 1602 447 1652 dimensi,
464 1602 523 1643 scalas
540 1616 583 1657 quae
600 1605 669 1657 quinos
685 1604 773 1644 homines
792 1603 919 1657 amplitudine
938 1601 1044 1656 capiebant.

271 1656 350 1706 faciunt,
368 1657 499 1711 perfectasque
514 1660 634 1699 munimento
651 1659 746 1712 incipiunt
762 1659 869 1699 admovere.
906 1658 946 1698 Eos
960 1672 1045 1711 propug-

271 1714 346 1751 natores
370 1712 453 1764 primum
472 1712 544 1753 crebris
563 1717 703 1754 tormentorum
726 1713 798 1753 ictibus
821 1727 885 1753 arcere
907 1713 1005 1761 festinant,
1025 1716 1045 1752 et

271 1766 446 1820 appropinquantes
456 1767 584 1808 bombardicis
593 1768 666 1822 pillulis
675 1769 797 1821 impugnant,
808 1768 831 1808 ab
841 1768 865 1808 iis
874 1767 957 1808 vicissim
966 1767 1044 1820 impug-

270 1821 316 1860 nati.
346 1822 393 1861 Arci
407 1823 461 1863 scalae
471 1822 598 1876 applicantur.
628 1822 722 1863 Caeterum
732 1826 885 1876 propugnatores
895 1823 929 1876 qui
939 1822 1045 1862 didicerant

270 1876 329 1916 scalas
338 1877 359 1916 in
369 1891 390 1916 se
399 1877 493 1927 aedificari,
503 1878 573 1918 fossam
585 1875 632 1931 quae*
638 1879 779 1918 munimentum
790 1877 925 1926 circumdabat,
936 1878 1045 1917 excavando

270 1931 414 1984 profundiorem
424 1933 529 1973 effecerant.
559 1932 590 1973 Ob
601 1932 653 1986 quod
668 1933 724 1973 scalae
738 1932 835 1986 pleraeque
852 1933 876 1972 ad
888 1947 979 1973 cacumen
995 1933 1044 1972 arcis

269 2000 310 2026 non
319 1986 459 2040 pertingebant.
490 1988 521 2027 lta
531 1989 565 2040 qui
577 1988 602 2028 ad
619 2002 704 2029 summos
720 1988 814 2028 scalarum
827 1988 898 2041 gradus
912 1992 1044 2041 pervenerant,

270 2041 326 2082 altius
336 2041 436 2082 ascendere
446 2057 486 2082 non
496 2042 586 2092 ualentes,
597 2043 729 2084 deficientibus
742 2042 804 2093 scalis,
814 2057 858 2083 cum
868 2042 1044 2096 propugnatoribus

268 2097 339 2137 frustra
348 2097 466 2150 praeliantur.
497 2097 546 2141 Quae
555 2113 601 2138 vero
611 2098 666 2138 scalae
684 2098 708 2138 ad
719 2097 767 2138 arcis
778 2099 907 2138 summitatem
921 2096 1044 2150 pertinebant

268 2155 308 2191 tam
316 2166 383 2205 parrone
392 2152 477 2202 fuerunt,
487 2157 510 2192 ut
523 2152 579 2193 facile
588 2153 645 2206 primi
654 2167 762 2193 ascensores
777 2153 834 2192 occisi
848 2156 901 2201 sunt,
915 2156 1018 2204 antequam
1032 2167 1043 2192 a

269 2206 432 2247 commilitonibus
445 2208 525 2248 fuerunt
535 2208 608 2261 adjuti:
619 2212 696 2247 centum
709 2207 780 2260 viginti
794 2206 883 2247 catholici
896 2207 1009 2247 interierunt
1024 2210 1043 2246 et

267 2262 318 2301 inter
327 2277 359 2302 eos
369 2262 449 2303 Maurus
458 2263 551 2303 Keranus
562 2262 632 2303 nobilis
641 2262 744 2316 Lagenius,
753 2265 772 2301 et
782 2265 871 2301 strenuus
879 2262 934 2302 miles
943 2261 1043 2315 Belgensis

268 2317 371 2357 fortissime
377 2332 472 2370 pugnans.
502 2318 571 2358 Galeri
581 2318 650 2358 defessi
660 2316 803 2371 oppugnatione
810 2316 882 2365 relicta,
891 2317 972 2371 pristino
989 2331 1043 2357 more

266 2372 409 2412 munimentum
424 2373 518 2413 obsident.

288 2427 332 2468 Hoc
338 2432 424 2480 tempore
430 2428 492 2468 Huon
500 2428 597 2477 O'Morra,
606 2441 646 2467 uon
656 2426 726 2467 dubius
735 2439 776 2466 esse
787 2440 807 2465 se
816 2426 938 2479 longissimell
949 2427 1042 2480 imparem

203 2465 260 2510 [1⁵⁰¹]
269 2482 340 2523 uiribus
350 2483 435 2523 hostium
454 2483 572 2524 sustinendis
591 2482 691 2523 Ultoniam
710 2481 760 2535 petit
779 2486 866 2534 rogatum
887 2482 998 2530 O'Nellum,
1018 2487 1042 2521 ut

267 2537 358 2590 Lageniis
369 2537 476 2578 subsidium
485 2539 571 2585 mittatt·
600 2537 681 2578 Interim
698 2536 809 2576 Bernardus
824 2536 922 2586 O’Morra,
939 2536 985 2576 belli
1003 2535 1041 2576 La-

266 2593 362 2645 genieusis
376 2593 559 2634 administrationem
569 2593 675 2646 suscipiens
685 2605 729 2632 cum
739 2591 808 2644 Anglis
815 2595 833 2631 et
843 2606 909 2632 eorum
918 2590 1042 2632 auxiliaribus

265 2647 452 2702 Lochgarmensibus
476 2648 628 2701 duplo-iberum
657 2647 727 2700 septies
752 2659 840 2699 prospere
860 2647 944 2696 dimicat,
964 2646 1041 2699 capiens

266 2709 339 2757 septem
349 2704 423 2753 vexilla,
434 2709 453 2744 ct
464 2704 613 2757 quatuordecem
624 2709 715 2756 tympana
726 2700 834 2753 militandi

288 2845 296 2860 *
307 2843 357 2878 Four
366 2843 449 2883 Masters,
458 2856 476 2887 p.
486 2845 543 2884 20593
555 2843 588 2877 but
596 2843 639 2885 they
648 2841 669 2875 do
678 2844 710 2872 not
718 2839 757 2883 give
766 2840 815 2875 those
824 2842 893 2876 details.

288 2890 297 2928 †
309 2890 330 2922 In
339 2889 369 2922 the
377 2900 454 2922 summer
463 2888 484 2921 of
496 2891 539 2922 1596
549 2888 614 2922 O’Neil
622 2891 661 2920 sent
671 2887 715 2918 15οΟ
724 2889 804 2919 veteraus
812 2892 830 2921 to
839 2888 868 2921 aid
877 2886 907 2920 the
917 2886 1041 2921 omorio.-

265 2931 360 2972 Lombard,
369 2945 387 2977 p.
396 2936 430 2968 402
436 2947 441 2975 3
456 2934 501 2973 Cor,
510 2945 526 2978 p.
535 2936 575 2967 414.
796 2970 797 2973 ¹

288 2978 297 3019 ss
310 2978 397 3022 Probably
405 2978 435 3011 the
451 2978 516 3012 battles
530 2977 619 3012 recorded
632 2977 654 3021 by
668 2975 766 3015 Lombard,
775 2988 791 3020 g.
800 2980 840 3017 406,
849 2978 867 3011 in
875 2977 1041 3018 vimmacensem
