2237 3535
107 385 150 415 611.
166 369 205 421 irs]
315 383 419 412 11611111
435 382 676 415 111111661111111111111.
837 373 875 413 aar

104 482 196 533 impeturn
212 475 299 525 sustinet,
310 481 329 517 et
341 476 445 519 uberiorem
461 478 547 519 hostium
557 475 633 517 turbam
643 489 683 515 non
697 475 765 529 procul
776 479 876 517 castrame-

103 541 162 576 tatam
172 530 262 571 districtis
272 531 346 584 gladiis,
357 532 465 574 bcmbardis
476 532 605 586 dispositis,et
612 530 693 571 intentis
700 530 760 570 hastis
769 530 791 570 in
800 530 876 585 singula

103 590 200 631 momenta
213 587 339 639 praestolatur,
353 589 446 629 militibus
458 587 568 629 alternatim
575 585 650 638 vigilias
660 584 767 638 agentibus,
778 599 875 625 somnum-

103 659 140 699 qne
147 640 274 695 carpentibus

130 698 144 739 J
145 712 176 739 am
186 696 225 737 dies
235 701 274 737 erat
284 697 370 739 Januarii
380 703 451 748 sertus,
462 711 507 738 cum
516 696 592 738 albente
602 696 655 746 caelo,
666 694 778 749 procedenti
788 694 875 735 O'Sulle-

103 767 151 795 vano
162 751 256 793 concitata
265 752 369 806 ignitonim
379 753 480 807 globorum
491 757 595 805 tempestas
610 751 675 792 illuxit
684 767 688 791 :
704 756 744 791 erat
754 748 826 803 quippe
835 750 876 791 haec

103 807 214 863 quotidiana
223 807 318 857 salutatio,
329 822 365 861 qua
378 809 433 849 illum
440 807 535 863 jubebant
548 807 618 856 hostes,
633 812 652 847 et
661 819 740 860 vespere
757 804 875 846 discedentes

102 864 169 912 valere,
180 865 199 902 et
206 876 261 903 mane
269 864 366 904 venientes
374 864 451 905 salvere.
479 863 517 904 Per
525 862 576 903 diem
581 866 645 903 totum
652 861 724 915 agmini
733 860 802 901 ultimo
810 874 875 914 pugna

102 918 221 959 continenter
236 918 330 967 imminet,
344 920 433 972 utrinque
450 917 549 959 nonnullis
566 917 686 966 cadentibus,
703 930 743 957 non
759 915 782 957 eb
799 919 874 956 tantum

102 972 228 1014 O’Snllevano
237 973 309 1025 iniqua,
318 973 369 1026 qubd
377 974 435 1028 pauci
444 988 488 1014 cum
496 973 564 1014 multis
572 974 627 1026 signa
632 971 762 1021 conferebant,
769 970 803 1011 sed
810 971 873 1020 etiam,

101 1027 152 1081 qudd
162 1028 250 1068 adversus
265 1032 356 1078 recentes,
371 1033 391 1069 et
400 1033 478 1082 vegetos
493 1028 569 1078 defessi,
586 1032 605 1068 et
620 1027 679 1068 saucii
689 1026 777 1081 praelium
791 1026 873 1067 inibant.

101 1083 207 1123 Missilibus
224 1083 278 1123 solito
295 1098 347 1123 more
361 1087 449 1124 certatur.
462 1111 464 1114 ψ
479 1083 529 1123 Cum
546 1082 685 1124 O’Sullevanus
700 1081 793 1131 subsistit,
808 1081 873 1122 hostes

99 1144 152 1191 terga
158 1138 210 1187 dant,
217 1152 260 1178 cum
266 1138 392 1191 progreditur,
403 1139 497 1179 concitato
505 1153 564 1179 cursu
573 1142 686 1191 sequnntur.
701 1137 766 1178 Nocte
776 1140 872 1177 certamen

99 1194 225 1233 dirimentem
234 1193 364 1234 Brosnaoham
373 1194 437 1233 vicum
447 1193 586 1233 O'Sullevanus
596 1193 688 1246 pervenit.

424 1489 481 1529 CAP.
496 1489 535 1530 IX.

98 1615 225 1649 O'Snllevanus
238 1615 256 1648 in
270 1625 358 1649 summum
372 1614 566 1692 difscrimerlrbdednctus
580 1627 632 1660 quam
646 1616 691 1649 miro
699 1616 774 1650 artificio
783 1616 872 1662 Dernrysii

397 1660 445 1692 uerit
464 1660 555 1693 ieratust

97 1780 176 1821 Hicin
195 1793 291 1820 summum
308 1779 410 1819 discrimen
427 1778 568 1819 O'Sollevanns
582 1779 683 1820 ridebatur
700 1779 799 1829 deductus,
818 1781 869 1834 qudd

97 1836 205 1884 Sininnum,
223 1848 298 1875 amnem
315 1834 406 1887 amplum,
423 1837 442 1873 et
457 1833 585 1888 navigabilem
598 1848 638 1874 non
647 1837 722 1888 poterat
732 1835 867 1886 transmittere,

95 1890 190 1944 phasellis,
208 1893 264 1943 atque
278 1889 360 1942 navigiis
374 1888 399 1928 ab
408 1888 463 1928 hoste
472 1889 557 1937 remotis,
568 1893 587 1929 et
597 1893 653 1929 cauto
662 1890 724 1942 poenis
734 1890 866 1941 acerbissimis,

95 1959 119 1985 ne
128 1946 183 1986 illum
192 1944 243 1983 ullus
259 1944 342 1997 portitor
358 1947 500 1995 transportaret.
529 1943 612 1996 Propter
627 1944 710 1984 inediam
722 1945 779 1985 etiam
795 1946 867 1986 milites

94 2000 166 2040 viribus
183 1999 320 2039 destituuntur.
348 1996 379 2037 Ob
394 1997 415 2036 id
429 1997 501 2037 animos
516 1998 603 2038 omnium
612 1998 680 2051 ingens
691 1999 797 2051 desperatio
807 2000 866 2041 subit.

94 2054 119 2094 In
133 2055 170 2095 lroc
186 2053 264 2106 ancipiti
279 2055 331 2092 61611
346 2066 410 2092 rerum
425 2056 478 2105 pater
492 2066 547 2092 meus
564 2052 676 2107 Dermysins
692 2054 832 2095 O'Sullevanus
846 2070 866 2095 se

94 2110 158 2150 navim
168 2108 222 2149 brevi
231 2107 369 2151 confecturum,
380 2110 399 2146 et
408 2106 478 2146 famem
487 2107 571 2147 militum
580 2108 710 2148 extincturum
719 2110 826 2162 profitetur.

121 2165 200 2204 Postero
216 2161 246 2202 die
263 2162 297 2215 qui
314 2161 405 2214 septimus
416 2165 455 2201 6161
465 2161 478 2201 J
479 2162 553 2202 aunarii
562 2163 639 2212 mensis,
648 2162 745 2216 Dermysii
755 2163 834 2204 consilio
844 2166 865 2205 in

93 2217 222 2259 Brosnaclram
231 2217 384 2266 densissimam,l
398 2219 455 2269 atque
470 2217 585 2258 tutissimam
595 2217 666 2270 sylvam
681 2232 722 2258 sese
736 2217 835 2268 abdentes,
845 2225 865 2260 et

93 2274 146 2313 6116616
156 2271 254 2312 arboribus
264 2272 285 2311 in
301 2272 346 2312 valli
362 2271 444 2325 speciem
460 2272 577 2325 compositis,
590 2273 679 2325 fossaque
692 2273 759 2314 leviter
768 2274 819 2314 facta
828 2275 864 2315 cir-

93 2327 233 2375 cumvallantes,
253 2326 335 2366 biduum
350 2325 397 2366 duas
406 2340 463 2366 naves
473 2341 497 2367 611
506 2327 616 2376 viminibus,
627 2332 646 2368 et
660 2326 759 2368 arboribus
769 2329 862 2380 condunt,

92 2383 144 2435 equis
155 2381 255 2422 duodecim
265 2382 339 2430 occisis,
348 2395 431 2436 quorum
441 2382 495 2422 coriis
506 2383 583 2436 navigia
592 2383 723 2436 integumenti
740 2387 759 2423 et
772 2384 930 2447 carnibus[191,]

93 2451 158 2477 omnes
173 2440 277 2477 vescrmtur
291 2441 360 2490 prater
379 2435 534 2486 O’Sullevanum,
554 2438 681 2491 Dermpsiurn,
702 2443 721 2477 et
738 2437 862 2492 Dermysium

92 2491 278 2532 O'Huallachannm.
289 2490 529 2544 Navis,cujusl]ermysins
535 2492 573 2532 1111
580 2493 694 2533 architectus
700 2493 775 2533 huncin
781 2494 863 2535 modum

92 2547 197 2587 conficitur.
226 2546 305 2587 Vimine
315 2548 405 2587 crassiore
414 2549 467 2599 parte
476 2550 532 2587 terrae
541 2547 605 2597 infixa,
620 2552 640 2588 61
649 2547 674 2587 ad
682 2548 765 2588 medium
779 2548 863 2589 invicem

90 2603 165 2651 reflexa,
182 2601 303 2655 restibusque
319 2602 403 2642 revincta
420 2614 487 2654 corpus
505 2601 863 2645 161166616111161161116111661116

90 2657 162 2707 tabula,
173 2657 282 2706 statumina,
299 2660 419 2709 transtraque
433 2656 513 2696 interius
528 2656 631 2698 addunt-m.
660 2657 750 2697 Erterius
760 2659 817 2698 coriis
826 2674 863 2700 un-

91 2710 151 2752 decim
167 2725 260 2766 equorum
275 2712 389 2766 cooperitur,
405 2711 467 2760 remis,
478 2715 535 2764 atque
550 2712 625 2752 scalaris
635 2713 733 2765 coaptatis.
759 2712 835 2764 Carina,
844 2720 864 2756 et

90 2767 176 2807 materiei
184 2768 303 2816 necessitate,
314 2771 333 2807 et
343 2782 393 2816 66116,
404 2770 505 2819 cautesque
515 2766 589 2807 vitandi
599 2768 656 2807 661161
666 2771 706 2808 6161
715 2767 784 2821 plana:
800 2768 863 2825 longi-

112 2893 119 2908 *
133 2893 195 2927 Called
206 2894 229 2938 by
241 2893 336 2927 theFour
350 2894 425 2928 Masters
440 2896 451 2913 “
458 2891 586 2934 coiit-thina?
598 2892 621 2936 by
636 2904 669 2926 our
683 2893 748 2927 author
762 2895 863 2936 Brosnach,

89 2934 134 2968 from
142 2938 165 2969 its
174 2939 245 2983 vicinity
253 2943 272 2971 to
282 2939 312 2972 the
320 2938 366 2971 little
374 2937 471 2971 Brosnaoh.
