2174 3535
217 384 258 423 286
353 384 490 426 o’sumnvaur
504 395 605 423 nrsronra
620 396 846 434 carnonroa,ron.1v.
917 385 968 438 [orn.
978 397 994 424 1.

216 496 378 547 prosternuntur,
392 493 463 548 perditi
479 494 533 532 tanta
547 490 625 531 licentia
641 492 767 545 triumphant.
804 494 835 535 Ita
851 495 937 536 insontes
953 507 995 534 ncn

216 548 275 589 modo
285 549 392 597 securitate,
402 547 436 588 sed
451 546 509 587 ctiam
523 545 565 600 ipsa
582 545 692 586 defensione
705 546 818 600 privantur:
833 549 994 603 flagitiosissimus

217 604 299 658 quisque
314 604 340 645 ad
354 603 427 644 facinus
442 599 551 642 audendum
561 601 684 655 impunitate,
700 605 720 642 et
736 601 761 642 ad
775 602 897 646 efficiendum
910 604 993 659 praemiis

216 657 315 699 incitatur.

539 926 592 967 OAP
606 926 668 967 XIII.

394 1036 464 1071 Kncxis
472 1035 572 1081 persecutio
580 1036 633 1082 longe
641 1035 797 1075 truculentissima.

214 1144 266 1189 Qum
281 1143 382 1185 retulimus
398 1144 499 1192 haetenus,
516 1141 625 1183 calamitosa
640 1142 725 1195 quidem,
734 1142 849 1196 funestaque
859 1147 917 1184 sunt:
932 1144 990 1199 longe

147 1203 278 1253 [arianen
286 1198 382 1247 furiosior,
393 1202 412 1239 et
421 1198 523 1238 immanior
537 1197 623 1251 tyrannis
639 1201 711 1239 manet.
740 1198 809 1238 Suetus
823 1198 902 1251 quidam
918 1213 990 1240 nomne

213 1255 278 1305 Knox,
287 1267 344 1307 quem
352 1253 462 1307 episcopum
468 1251 559 1293 Lucitin
566 1251 655 1304 Iberniall
667 1252 753 1293 Iacobus
766 1267 800 1293 rex
806 1253 926 1306 inauspicato
933 1255 989 1295 inau-

212 1307 989 1363 guravit,snumquesupremumepiscopumvoeat,naetusaregepotestatemex-

210 1363 313 1418 tinguendi
329 1364 351 1404 in
367 1362 445 1403 Ibernia
460 1362 587 1402 orthodoxam
601 1362 665 1412 fidem,
681 1365 701 1402 et
717 1363 822 1404 inducendi
837 1365 859 1403 in
874 1364 914 1418 ejus
922 1364 989 1404 locum

210 1420 299 1460 haeretica
316 1419 412 1471 dogmata,
429 1417 506 1457 nullum
522 1416 604 1470 lapidem
619 1432 660 1457 non
674 1418 742 1468 movit,
752 1422 775 1458 nt
785 1418 849 1459 omnia
863 1424 989 1460 sacrosanctae

211 1474 315 1515 Catholicae
330 1473 428 1526 rehgionis
442 1472 523 1525 vestigia
542 1471 619 1522 deleret,
635 1486 751 1526 omnemque
769 1474 882 1514 memoriam
900 1473 989 1514 funditus

211 1529 327 1570 obliteraret.
354 1528 412 1568 Tanti
421 1527 497 1567 sceleris
506 1527 584 1567 molitor
593 1541 616 1567 er
625 1527 697 1581 Anglia
707 1528 803 1582 profectus
812 1528 884 1569 cumin
890 1527 988 1570 Iberuiam

211 1583 317 1638 appulisset
326 1597 376 1623 anno
392 1585 437 1635 post
451 1581 566 1635 Virgineum
582 1585 659 1634 partum
674 1582 777 1623 undecimo
792 1597 850 1636 supra
864 1584 988 1625 millesimum

209 1639 375 1686 sexcentesimum,
385 1636 505 1677 Dubhlinnae
522 1636 597 1676 consilii
611 1637 648 1685 sui,
657 1637 797 1690 legationisque
807 1639 901 1679 rationem
910 1640 987 1693 proregi

208 1693 294 1735 demere
304 1692 389 1745 exponit.
419 1691 456 1731 Oui
465 1705 540 1744 preren,
559 1692 638 1741 “rem”
648 1691 718 1744 inquit,
736 1695 750 1714 “
756 1691 840 1741 arduam,
851 1697 910 1746 atque
919 1693 987 1735 diffici-

207 1749 252 1797 lem,
263 1748 325 1789 Onocs
334 1745 498 1795 reverendissime,
509 1746 615 1797 suscepisti.
644 1745 692 1786 Noli
709 1746 815 1787 existimare
829 1747 912 1788 Ibernos
920 1749 942 1788 in
952 1763 987 1789 sna

206 1803 304 1857 Papistica
319 1802 369 1854 lege,
384 1801 426 1854 pari
442 1814 484 1840 esse
500 1814 544 1840 cum
560 1800 622 1840 Sectis
639 1802 678 1840 tuis
689 1805 723 1841 ant
733 1815 777 1845 cum
786 1802 857 1855 Anglis
867 1803 914 1843 meis
924 1804 985 1844 animi
1032 1834 1036 1836 -

209 1857 323 1907 mobilitate,
341 1860 360 1896 et
369 1855 506 1896 inconstantia.
534 1854 587 1895 Mihi
602 1855 679 1907 quidem
694 1856 773 1896 minime
786 1856 857 1897 videris
867 1871 900 1898 eos
909 1872 920 1898 a
929 1858 988 1912 Papae

206 1912 299 1967 partibus,
316 1911 405 1960 amicitia,
423 1910 551 1959 veneratione,
568 1914 587 1950 et
601 1910 677 1963 legibus
693 1911 836 1952 subducturus:
859 1926 908 1965 quos
922 1914 985 1967 Angli

206 1968 335 2022 septuaginta,
346 1965 456 2020 etamplius
467 1979 526 2005 annos
536 1964 560 2005 ab
571 1966 607 2005 hac
616 1966 707 2019 opinione
712 1966 783 2006 frustra
790 1971 875 2007 avertere
885 1982 984 2009 conamur.

207 2022 252 2067 Qut
267 2022 329 2075 magis
345 2035 444 2074 urgemus,
461 2019 484 2060 eb
501 2020 612 2069 tenaciorem
628 2025 686 2074 atque
705 2022 804 2071 firmiores,
820 2022 850 2062 illi
867 2037 888 2063 se
906 2028 984 2076 gerunt.

205 2077 280 2118 Verum
289 2078 335 2131 quia
343 2076 451 2129 jurisdictio
460 2074 498 2116 tibi
507 2075 621 2116 auctoritate
630 2075 683 2128 regia
692 2075 779 2129 delegata
784 2081 819 2126 est,
825 2077 912 2118 faeliciter
921 2077 985 2119 officio

206 2133 293 2186 fungere.
323 2131 377 2176 Quid
393 2131 456 2171 valeas
474 2130 601 2184 experiamur.
630 2130 673 2183 Ego
684 2130 720 2171 tibi
729 2145 769 2171 non
779 2131 856 2173 deero.”
886 2136 900 2154 “
908 2132 983 2184 Finem,

205 2186 364 2229 excellentissime
372 2185 462 2240 prorex,”
472 2185 536 2238 inquit
552 2188 565 2206 “
572 2185 652 2234 Kerax?
663 2185 744 2226 forsitan
755 2186 850 2228 laudabis.
870 2186 914 2241 Ego
924 2188 984 2229 sciam

204 2243 354 2284 obstinationem
364 2255 432 2281 eornm
440 2241 517 2294 egregie
526 2240 618 2294 excipere,
629 2244 648 2280 et
658 2240 731 2281 afficere
742 2241 804 2294 dignis
817 2243 907 2295 praemiis.
936 2243 983 2285 uffi-

205 2298 260 2347 ciam,
270 2302 292 2338 ut
302 2296 415 2350 nequissimi
425 2295 509 2348 Papistae
518 2296 556 2336 mei
566 2309 641 2349 semper
646 2296 773 2346 meminerint,
781 2311 858 2351 unoque
864 2312 897 2338 ore
902 2297 982 2352 Papam,

204 2354 284 2407 ejusque
295 2351 440 2406 superstitiones
451 2350 496 2390 diris
505 2350 675 2404 imprecationibus
688 2355 835 2404 prosequantur.
864 2353 983 2395 Medicinam

204 2408 298 2449 adhibebo
315 2408 373 2460 longe
387 2405 503 2446 acerbiorem
515 2405 545 2455 iis,
556 2419 604 2458 quas
613 2406 707 2446 hactenns
724 2407 797 2460 experti
806 2411 858 2457 sunt,
869 2421 927 2461 quam
937 2423 983 2449 cum

203 2463 280 2512 videris,
290 2466 368 2503 caeteras
377 2461 437 2501 inisse
447 2460 587 2510 blandissimas,
598 2466 656 2513 atque
667 2460 787 2501 suavissimas
796 2476 836 2503 non
845 2462 982 2504 inficiaberis?

203 2518 253 2559 Mox
261 2516 384 2565 truculentia,
396 2530 454 2570 quam
464 2516 527 2555 animo
544 2514 697 2564 machinabatur,
712 2515 772 2556 fretus
781 2531 815 2570 per
824 2520 889 2558 totum
898 2532 981 2573 regnum

203 2573 265 2614 edicta
274 2574 295 2613 in
305 2572 346 2612 hacc
355 2572 414 2612 verba
422 2571 541 2624 promulgari
550 2571 596 2611 fecit
606 2569 670 2623 Anglo
681 2582 774 2611 sermone.

227 2690 292 2724 Omnes
307 2687 382 2732 Papistae
395 2686 481 2732 religiosi,
495 2688 631 2731 sacerdotesque
645 2686 693 2720 illico
706 2699 762 2733 regno
775 2693 858 2730 exeunte,
873 2689 901 2722 vel
916 2690 980 2726 animae

202 2734 295 2769 amissione
303 2732 405 2777 puniantur.
846 2775 848 2777 Ι

227 2780 285 2813 Nemo
293 2778 355 2817 filium,
362 2778 502 2823 propinquumve
510 2788 561 2812 snum
568 2778 587 2811 in
595 2777 714 2811 transmarina
721 2778 815 2812 seminaria
821 2782 906 2812 navatum
913 2779 979 2815 litteris

226 2917 233 2931 ⁸
246 2914 283 2948 Not
291 2915 358 2958 Derry,
366 2913 399 2946 bnt
413 2911 494 2957 Raphce,
506 2911 563 2945 which
578 2911 600 2943 be
608 2910 698 2955 governed
707 2910 753 2944 from
763 2912 806 2944 1611
817 2915 835 2945 to
846 2914 915 2946 toea-3.
933 2903 976 2949 ¹Dr.

203 2960 255 2994 Mant
263 2958 374 3003 dexteronsly
384 2957 459 2992 avoided
468 2967 501 3001 any
509 2956 585 2990 allusion
593 2960 614 2999 to,
621 2954 689 2989 Knox's
699 2956 780 3001 atrocitp.
