2237 3535
260 394 285 433 10
399 395 533 437 o'sunnsvsnr
547 407 649 435 msrounn
664 407 790 445 eirrncmon,
800 408 848 437 ron.
859 408 874 435 r.
962 396 1012 449 [rm.
1023 409 1038 436 1.

287 505 330 547 ΙΙΙ.
345 504 502 548 Drvrs10.—-Est
512 509 531 543 et
540 503 578 544 alia
587 504 647 549 totius
653 503 737 546 iberniae
743 506 853 548 distributio
863 509 970 547 memoratu
980 506 1040 559 digna

259 560 330 602 tributi
337 560 427 615 exigendi
436 573 493 599 causa
505 559 613 611 antiquitus
623 560 734 600 constituta.
763 561 794 602 Ea
809 565 918 602 recensetur
927 561 948 601 in
958 575 980 602 eo
991 561 1039 615 poli-

260 616 300 657 tico
309 616 374 657 libello
392 615 416 655 de
431 614 515 654 iberniae
530 613 661 667 magnatibus,
672 614 789 665 civitatibus,
799 616 937 669 Gatholicaque
946 617 1039 668 religione

261 671 352 720 delendis,
363 670 386 711 ab
396 669 466 722 Anglis
476 668 623 722 diligentissime
632 668 716 718 condito,
725 684 762 710 nec
776 672 849 712 minore
858 671 954 712 industria
963 671 996 710 diu
1006 670 1039 711 ab·

261 726 359 775 sconditae,
371 724 489 779 quitandern
499 725 558 764 Anno
567 723 689 764 MDCXIH.
699 723 768 764 incidit
782 725 802 765 in
814 740 884 767 manus
894 726 963 780 equitis
972 725 1040 766 lberni

262 782 325 834 quiin
335 780 392 821 domo
406 778 487 820 Roberti
496 778 571 819 Caecilii
587 779 648 832 Angli
660 778 765 819 conciliarii
778 780 827 833 regii
835 781 955 822 familiariter
963 776 1039 834 agebat,

261 840 281 876 et
291 834 314 876 ab
325 836 393 876 eodem
403 835 466 888 equite
482 839 540 874 nocte
555 848 595 874 una
610 838 664 873 totus
681 838 710 874 est
724 834 838 888 descriptus,
849 841 868 876 et
877 837 923 877 inde
933 836 1039 877 communi-

261 896 315 932 catus
325 905 369 931 cum
379 889 456 931 Ibernis
466 889 500 942 qui
515 890 588 942 patriae,
605 888 687 942 fideique
703 889 818 930 Christianae
833 904 928 944 suumque
944 891 1040 931 excidium

260 946 350 999 legendo,
361 959 410 986 >sero
426 945 555 997 ignorantiam
572 958 627 984 snam
643 949 663 984 et
681 945 788 997 praeteritos
808 959 880 986 errores
896 947 1039 995 intellexerunt,

260 1002 343 1041 manime
354 1000 407 1054 quod
415 998 523 1040 habebatur
532 999 581 1039 ratio
591 998 645 1039 nulla
654 998 776 1048 Ibernorum
787 999 821 1053 qui
830 1000 861 1040 vel
870 1001 940 1054 Anglis
951 1001 1040 1055 opitulati

261 1059 313 1106 sunt,
330 1056 361 1097 rel
377 1054 401 1096 ab
418 1055 465 1108 ipsis
480 1054 575 1108 originem
591 1054 676 1103 trahunt,
691 1058 726 1094 aut
741 1055 841 1095 civitatum
858 1057 937 1109 quaein
957 1056 1040 1096 amicitia

261 1114 376 1152 manserant.
407 1109 472 1162 Hujus
481 1109 526 1150 libri
542 1113 660 1163 praeceptum
676 1110 697 1149 in
706 1109 759 1150 hunc
768 1123 830 1163 usque
840 1110 896 1160 diem,
907 1111 984 1164 Angliae
994 1125 1039 1151 con-

260 1166 325 1207 silium
341 1168 363 1206 in
378 1165 461 1206 Ibernos
477 1165 576 1217 sequitur:
592 1164 632 1217 ejus
648 1164 717 1204 author
732 1165 792 1204 fertur
807 1164 868 1205 fuisse
881 1165 932 1206 idem
942 1166 1039 1207 Robertus

261 1221 351 1262 Caecilius
360 1220 444 1274 Anglus,
456 1219 524 1260 Sarum
534 1233 604 1268 comes,
614 1219 677 1272 regius
693 1218 819 1269 consiliarius,
836 1220 895 1260 homo
909 1221 992 1268 manime
1001 1220 1039 1261 cal-

260 1277 319 1325 lidus,
330 1276 364 1329 qui
380 1275 480 1315 Pontificis
489 1274 572 1315 Maximi
588 1288 665 1324 nornen,
676 1278 696 1314 et
712 1274 855 1316 Catholicorum
873 1289 934 1328 genus
951 1276 1039 1328 gloriosis

262 1332 333 1372 simum
343 1345 390 1372 cane
400 1331 454 1385 pejus
464 1330 511 1370 odit.
525 1330 561 1369 Ait
571 1344 617 1382 ergo
627 1329 722 1370 Caecillius
731 1329 785 1370 urbis
792 1329 898 1371 Duhlinnae
908 1331 1039 1371 monumentis

220 1384 362 1446 [7⁴]pro'ditum
379 1400 426 1435 esse,
442 1386 463 1426 in
480 1384 558 1425 ibernia
574 1384 669 1424 contineri
684 1384 788 1438 particulas
797 1390 853 1426 terrae
863 1388 921 1439 quast!
933 1386 993 1440 Angli
1003 1401 1039 1427 suo

263 1456 351 1483 sermone
366 1444 436 1481 vocant
451 1439 565 1494 ploulandas
583 1439 727 1493 (plouglrlands)
747 1440 860 1494 quadragies
877 1445 906 1481 ter
921 1441 973 1482 mille
990 1456 1039 1482 non-

262 1502 332 1551 gentas
341 1496 412 1549 viginti
427 1497 503 1545 iaaac
521 1498 540 1535 et
556 1508 580 1535 ex
595 1498 637 1535 toto
652 1495 689 1535 hoc
698 1509 779 1535 numero
794 1496 817 1535 in
827 1496 933 1536 Momouiis
943 1497 1039 1537 sexdecies

261 1552 314 1593 mille
334 1553 423 1601 lutet:
440 1552 462 1591 in
480 1549 566 1603 Lageina
584 1550 651 1590 novies
664 1550 723 1599 mille,
739 1550 894 1604 quadringentas,
915 1553 1003 1601 eadum
1017 1552 1039 1592 in

261 1606 421 1648 Ultonianovios
439 1605 492 1646 mille
511 1606 600 1655 autom
614 1605 635 1645 in
654 1604 773 1654 Connachta,
790 1606 861 1659 septies
879 1605 932 1646 mille
947 1606 1039 1647 ducentas

261 1664 337 1711 tauto
347 1678 351 1702 :
367 1660 453 1714 singulas
463 1675 508 1701 uero
517 1660 620 1714 particulas
635 1664 722 1700 constare
732 1663 810 1700 centum
820 1661 889 1714 viginti
896 1661 1004 1715 jugeribus,
1019 1669 1039 1703 et

257 1718 350 1771 jugerum
358 1716 479 1756 metiendum
488 1730 529 1755 esse
538 1716 612 1769 pertica
621 1715 678 1755 unius
688 1719 708 1755 et
717 1716 787 1768 viginti
796 1716 874 1769 pedum.
903 1716 947 1757 Nec
956 1717 1038 1770 amplius

260 1772 349 1813 Caecilius
359 1771 472 1812 divisionem
481 1770 531 1811 hano
541 1769 669 1823 prosequitur,
680 1774 714 1810 aut
724 1770 811 1823 explicat,
822 1784 858 1811 nec
868 1771 929 1820 docet,
938 1776 985 1825 quot
994 1787 1037 1825 par-

259 1827 328 1868 ticulas
338 1832 394 1867 terrae
403 1826 479 1867 Midhia
494 1826 604 1866 contiueat:
619 1838 686 1865 verum
703 1839 727 1865 ex
736 1825 780 1874 illis,
790 1839 833 1879 quae
843 1826 916 1866 caeteris
925 1827 1038 1880 regionibus

259 1883 351 1935 assignat,
362 1881 412 1922 clare
426 1885 486 1936 patet!
502 1880 531 1920 illi
541 1894 639 1933 superesse
655 1879 685 1920 bis
702 1880 754 1920 mille
766 1884 861 1921 trecentas
877 1886 896 1921 et
907 1882 977 1935 viginti
994 1897 1037 1936 par-

258 1937 334 1986 ticulas,
346 1938 415 1986 2320.
445 1936 485 1980 nui
500 1936 576 1976 numeri
593 1935 677 1988 quinque
692 1949 756 1975 unum
771 1935 844 1976 redacti
853 1936 937 1977 reddunt
947 1937 1036 1979 divisum.

259 1994 343 2042 iaaac.

287 2047 328 2092 Qui
337 2061 383 2088 vero
393 2046 487 2088 curiosius
500 2045 614 2085 divisionem
627 2044 677 2085 lianc
693 2046 801 2086 examinare
811 2045 874 2096 vellet,
885 2047 946 2087 multa
955 2047 976 2087 in
992 2062 1036 2101 pre-

259 2104 320 2143 sentia
329 2107 416 2156 repetere
424 2104 490 2155 posset
500 2115 524 2140 en
533 2100 563 2140 liis
573 2114 615 2153 quae
620 2099 689 2149 Varro,
696 2100 815 2149 Collumella,
822 2100 935 2151 Frontinus
943 2101 1034 2152 Urbicus,

258 2162 278 2198 et
294 2158 327 2198 alii
341 2157 409 2198 Latini
425 2157 449 2197 de
465 2170 486 2196 re
507 2155 587 2209 agraria,
607 2154 657 2195 felici
673 2155 723 2208 stylo
738 2156 873 2205 condiderunt,
891 2157 915 2197 ad
932 2171 980 2210 quos
999 2172 1036 2199 nos
1097 2150 1109 2173 '³

256 2213 364 2266 longiorem
381 2212 532 2265 disputationem
548 2210 627 2250 missam
641 2209 738 2259 iacientes,
749 2211 862 2250 diuisionem
875 2211 989 2262 [bernicam
1005 2213 1035 2254 his
1096 2236 1097 2239 =

256 2269 351 2308 mensuris
361 2268 418 2308 solita
426 2267 506 2308 veritate
521 2265 646 2306 declaramus.
674 2265 771 2305 Arvorum
781 2265 818 2318 (sic
827 2279 920 2320 nuncupo
929 2267 1000 2308 feraces
1015 2272 1034 2309 et

256 2323 318 2364 cultos
334 2338 390 2377 agros
407 2321 510 2376 appellatos
526 2320 597 2374 Anglis
613 2319 726 2372 ploulandas
746 2320 890 2373 (ploughlands)
908 2322 1034 2376 quadraginta

255 2379 293 2419 tria
301 2379 362 2419 millia
371 2382 475 2431 nongenta,
485 2376 562 2430 viginti,
579 2375 601 2415 in
612 2374 690 2414 ibernia
704 2374 788 2415 ancillio
802 2379 880 2416 auctore
889 2382 1032 2431 computantur,

255 2433 371 2474 lberuorum
380 2434 470 2474 instituto
485 2446 559 2480 arvum,
574 2433 652 2470 centurn
666 2430 737 2482 viginti
744 2431 813 2484 jugera
822 2433 909 2472 continet
920 2434 966 2473 120.
996 2433 1032 2473 Ju-

255 2503 323 2543 gerum
340 2493 422 2542 quatuor
438 2487 512 2528 actibus
532 2485 629 2540 quadratis
645 2489 726 2525 constat.
743 2488 769 2525 t:
784 2490 838 2526 actus
856 2488 959 2540 quadratus
973 2488 1032 2529 habet

254 2544 336 2598 perticas
352 2543 479 2597 quadraginta
495 2544 536 2583 40:
559 2540 632 2595 pertica
648 2539 734 2580 redditur
751 2541 821 2581 cubitis
841 2542 907 2583 decem
922 2546 941 2583 et
954 2557 1031 2594 novem,

254 2599 373 2652 totidemque
383 2599 449 2652 digitis
458 2597 489 2638 vel
502 2597 573 2638 cubitis
582 2595 658 2649 viginti,
673 2595 737 2635 miuus
747 2595 813 2648 digitis
823 2598 913 2651 quinque,
924 2612 968 2638 nam
978 2598 1032 2639 illam

254 2655 321 2695 rustici
339 2655 453 2703 metiuntur,
473 2652 554 2705 singulis
570 2650 641 2691 cubitis
661 2649 747 2703 singulos
767 2651 837 2704 digitos
861 2653 965 2693 addentes:
996 2656 1030 2694 20,

254 2708 346 2750 Cubitum
362 2710 461 2762 componit
477 2723 510 2762 pes
526 2721 578 2747 unus
596 2720 640 2746 eum
655 2705 741 2754 dimidio,
757 2707 795 2755 lt:
810 2720 845 2760 pes
861 2708 930 2762 palmis
947 2712 1030 2760 quatuor

253 2763 355 2814 clauditur,
370 2768 397 2804 t:
412 2764 488 2818 palmus
503 2763 571 2803 finitur
588 2761 654 2815 digitis
670 2764 758 2813 quatuor.
769 2764 794 2801 st:
810 2762 883 2815 digitus
904 2764 1030 2805 constituitur

252 2823 335 2872 quatuor
344 2819 412 2860 hordei
421 2819 486 2873 granis
496 2817 603 2858 secundum
611 2815 734 2857 latitudinem
744 2815 848 2870 dispositis.
859 2821 879 2858 t.

280 2873 355 2915 Hordei
364 2889 446 2927 granum
461 2886 596 2914 mensurarum
605 2872 685 2912 minima
694 2873 795 2924 geometris
806 2877 840 2912 est.
869 2873 943 2913 Verum
952 2887 978 2913 ne
986 2873 1028 2914 haec

251 2929 329 2982 quidem
339 2930 457 2970 exactissima
467 2934 496 2969 est
513 2929 573 2969 totins
583 2927 652 2968 insulae
668 2927 752 2979 partitio.
782 2927 831 2968 Cum
842 2929 893 2969 enim
903 2928 961 2968 fuerit
971 2943 1028 2969 causa

250 2984 341 3039 exigendi
356 2984 425 3025 tributi
442 2984 555 3039 excogitata,
571 2997 607 3023 nec
617 2996 694 3036 aequum
711 2982 742 3032 sit,
759 2986 780 3023 ut
797 2983 890 3036 sylvester
906 2986 926 3024 ct
941 2984 1027 3024 incultus
