2237 3535
66 408 109 436 oar.
125 391 171 443 sin]
283 400 309 427 oa
324 399 417 428 rannnnn
431 398 476 427 sisu
491 398 516 426 ur
530 395 619 425 narrar.

388 515 447 593 ¹CAP.
462 550 512 590 VH.

65 667 154 705 Iberniarn
161 674 199 698 esse
207 673 265 696 arcem
274 662 452 708 etpropugnaculum,
461 661 508 695 unde
516 659 591 694 heretici
599 663 674 704 possunt
684 656 775 697 debellari,
784 660 803 689 et
811 656 845 689 alia

293 719 349 753 regna
357 706 464 747 conservari,
473 707 613 740 demonstratnr.

94 807 144 852 Quae
153 803 255 844 retulimus
269 802 362 844 hactenus
372 804 396 844 de
406 802 490 844 Iberniae
499 803 545 851 situ,
562 799 665 854 portubus,
681 797 769 848 lacubus,
787 797 846 851 sylvis

66 867 85 904 et
94 861 210 903 cibariorum
226 858 318 909 ubertate,
329 873 373 899 cum
382 859 411 899 ita
420 858 465 907 sint,
475 861 498 898 ut
507 871 543 897 nos
553 856 649 910 scriptum
664 854 783 907 reliquimus,
793 852 846 892 baud

65 918 146 958 obscure
168 913 189 954 id
204 913 306 967 colligitur,
324 913 386 967 quod.
397 914 462 954 notius
477 913 516 953 fuit
530 912 577 953 olim
600 910 695 951 Romanis
712 906 846 949 obtinentibus

65 971 168 1024 imperium
187 982 245 1022 quam
261 982 313 1009 nunc
330 969 399 1018 estiis,
415 969 447 1022 qui
461 982 526 1008 rerum
541 966 626 1008 dominio
643 965 758 1020 potiuntur,
774 963 812 1004 hoc
826 976 848 1003 es

65 1026 169 1073 Iberniam,
180 1037 222 1063 esse
231 1023 282 1063 orbis
290 1027 385 1064 terrarum
395 1037 457 1063 arcem
472 1028 491 1063 et
500 1020 676 1076 propugnaculum,
687 1024 722 1060 aut
738 1022 789 1059 certe
804 1031 846 1071 sep-

65 1080 173 1128 tentrionis,
184 1078 236 1118 uude
245 1082 311 1131 gentes
319 1078 361 1118 aliae
375 1077 494 1118 Monarcbiae
514 1081 533 1117 et
543 1077 648 1117 Catholicae
661 1074 770 1128 Religionis
780 1074 847 1114 hostes

66 1134 157 1176 debellari
167 1137 186 1174 et
203 1133 291 1183 obtineri,
308 1133 364 1173 facile
371 1137 457 1185 possent.
486 1131 512 1172 Id
521 1131 657 1172 animadvertit
671 1130 737 1171 Julius
746 1128 847 1182 Agricola,

66 1191 96 1230 vir
112 1188 200 1230 militaris
210 1189 262 1237 artis,
273 1192 330 1240 atque
339 1200 404 1227 rerum
419 1186 614 1226 administrandarum
624 1186 704 1226 scientia
719 1184 787 1234 clarus,
798 1197 847 1238 prae·

66 1246 148 1285 fectusa
163 1244 255 1284 Bomams
263 1242 384 1290 Brittanniae,
393 1255 436 1293 quae
446 1240 530 1281 Seotiam
544 1244 564 1280 et
572 1240 666 1293 Angliam
673 1239 848 1293 comprehendit—

68 1299 163 1339 difficilins
172 1298 293 1338 Britanniam
303 1300 323 1336 et
332 1297 390 1336 etiarn
398 1295 480 1335 Galliam
489 1309 547 1349 posse
554 1294 619 1348 subigi
628 1299 648 1337 et
663 1293 751 1334 subactas
761 1308 846 1348 propug-

67 1354 115 1402 nari,
123 1352 202 1393 Ibernio
208 1365 248 1391 non
255 1350 334 1390 obtenta
339 1367 346 1399 ;
362 1349 398 1390 hac
407 1364 451 1390 vero
458 1354 552 1403 occupata
561 1363 602 1390 non
611 1353 667 1390 tanto
674 1349 755 1402 negocio
765 1348 847 1397 domari,

67 1408 188 1460 domitasque
197 1405 264 1446 teneri.
294 1404 343 1449 Quae
351 1403 447 1457 Agricolae
457 1405 522 1458 opinio
532 1408 555 1445 ut
564 1403 634 1444 litteris
641 1404 733 1444 mandata
739 1404 849 1457 posteritati

68 1464 217 1509 consecraretur,
227 1459 287 1512 digna
295 1460 337 1499 visa
352 1460 389 1499 fuit
399 1458 489 1499 Cornelio
498 1460 572 1508 Tacito,
583 1460 616 1513 qui
625 1459 724 1513 Agricolae
733 1458 798 1508 vitam,
809 1472 848 1499 res-

68 1531 106 1571 que
123 1519 186 1570 gestas
203 1514 288 1555 scribens
304 1515 332 1555 ita
346 1514 412 1554 refert.
445 1513 544 1558 “Quinto
564 1514 709 1567 expeditionum
729 1528 785 1563 anno,
803 1514 849 1554 navi

68 1572 152 1626 primum
161 1574 292 1623 transgressus
310 1569 391 1621 (sedicet
400 1569 500 1624 Agricola)
511 1570 588 1623 ignotas
602 1570 627 1610 ad
642 1569 663 1610 id
679 1574 756 1623 tempus
773 1572 848 1622 gentes,

69 1626 140 1667 crebris
159 1625 253 1665 simulac
269 1625 365 1678 prosperis
375 1624 444 1678 praeliis
460 1625 541 1675 domuit,
557 1638 638 1678 eamque
654 1628 729 1678 partem
742 1623 849 1665 Britanniae

72 1696 114 1735 quae
124 1680 221 1721 Iberniam
238 1679 313 1733 aspicit,
331 1680 391 1733 copiis
401 1679 499 1730 instruxit,
514 1680 535 1720 in
549 1694 603 1734 spem
610 1681 672 1734 magis
681 1687 738 1733 quam
748 1679 772 1719 ob
783 1680 849 1720 formi-

70 1737 146 1776 dinem:
168 1734 264 1788 siquidern
274 1734 353 1775 ibernia
369 1734 433 1775 medio
448 1735 500 1775 inter
517 1735 639 1775 Britanniam
655 1739 712 1788 atque
730 1734 847 1788 Hispaniam

70 1792 107 1831 sita
122 1794 142 1831 et
156 1790 231 1831 Gallico
246 1803 322 1843 quoque
332 1790 381 1830 mari
398 1795 507 1844 opportuna
522 1790 672 1831 valentissimam
683 1790 758 1843 imperii
773 1793 849 1844 partem

70 1846 146 1899 magnis
155 1845 238 1886 invicem
254 1844 321 1885 usibus
331 1846 437 1885 miscuerit.
467 1845 558 1899 Spaeium
573 1846 620 1900 ejus,
631 1846 648 1885 si
655 1845 762 1885 Britanniae
771 1859 850 1899 compa-

70 1905 128 1949 retur,
147 1901 254 1954 angustius,
271 1901 333 1940 nostri
347 1901 406 1940 maris
416 1901 489 1941 insulas
502 1905 586 1955 superat.
623 1900 697 1950 Solum,
708 1899 816 1953 coelumque
831 1903 850 1940 et
899 1910 900 1913 ’

70 1955 154 2008 ingenia,
162 1955 266 2008 cultusque
274 1955 375 1995 bominum
387 1955 440 1995 baud
452 1956 536 1996 multum
546 1954 667 1996 aBritannia
673 1955 769 2005 differunt,
780 1955 850 1995 nrelius

72 2010 135 2050 aditus
144 2015 250 2063 portusque
259 2024 293 2064 per
306 2011 420 2051 commercia
431 2015 450 2051 et
462 2012 591 2065 negotiatores
602 2011 682 2065 cogniti.
711 2010 803 2063 Agricola
818 2024 850 2051 ex-

71 2065 150 2118 pulsum
159 2065 253 2105 seditione
268 2065 372 2106 domestica
379 2079 440 2106 unum
450 2080 473 2106 ex
483 2067 555 2120 regulis
562 2067 626 2119 gentis
640 2070 747 2119 exceperat,
757 2080 779 2106 ac
787 2065 851 2119 specie

73 2120 160 2160 amicitiae
173 2121 195 2160 in
209 2121 328 2161 occasionem
342 2120 443 2161 retinebat.
468 2121 523 2175 Saepe
538 2135 594 2161 exeo
611 2121 677 2161 audivi
685 2121 762 2174 legione
775 2135 816 2161 una
831 2125 851 2161 et

72 2174 152 2215 modicis
161 2175 237 2216 auxiliis
250 2175 347 2225 debellari,
358 2175 478 2230 obtinerique
490 2177 588 2217 lberniam
599 2190 657 2230 posse
662 2193 669 2226 3
682 2175 742 2229 idque
749 2176 806 2216 etiarn
817 2176 850 2216 ad-

72 2242 138 2269 versus
148 2230 269 2271 Britanniam
280 2232 411 2285 profuturum.
426 2232 442 2272 si
451 2231 538 2272 Romana
546 2231 618 2285 ubique
626 2245 684 2280 arma,
693 2235 713 2271 et
722 2230 774 2271 velut
785 2245 795 2271 e
805 2245 851 2272 con-

73 2288 142 2337 speetu
150 2285 228 2326 libertas
237 2285 358 2336 tolleretur?
388 2286 437 2327 Haec
446 2287 485 2329 issa

102 2338 197 2380 Caeterum
211 2355 255 2381 cum
270 2341 352 2382 Romani
362 2341 486 2383 Iberniamin
496 2357 550 2382 snam
559 2344 676 2396 potestatem
685 2355 726 2382 non
735 2341 851 2396 redegerint,

73 2392 126 2433 haud
143 2394 176 2435 diu
192 2395 308 2437 Brittaniam
322 2401 429 2450 potuerunt
448 2398 549 2447 sustinere,
566 2397 642 2437 auxiliis
657 2411 681 2436 ex
694 2395 773 2437 ibernia
787 2397 851 2437 missis

74 2449 131 2500 pulsi,
142 2453 165 2490 ut
175 2450 243 2491 Gildas
253 2452 328 2504 sapiens
335 2457 354 2492 et
364 2451 478 2492 venerabilis
487 2453 597 2493 Monachus
604 2451 659 2493 Beda
666 2455 711 2491 sunt
726 2452 822 2492 authores.

103 2502 159 2544 Idem
175 2520 220 2546 vero
230 2511 288 2560 atque
298 2508 389 2560 Agricola
399 2508 458 2548 sensit
463 2508 522 2548 homo
532 2507 666 2548 callidissimus
676 2505 772 2547 Bobertus
783 2506 851 2548 Cacu-

122 2573 185 2600 comes
203 2561 278 2611 Sarum,
289 2562 366 2616 Angliae
381 2563 451 2615 reginae
459 2562 585 2611 consiliarius,
596 2566 615 2602 et
629 2560 717 2614 pluribus
727 2561 817 2615 probavit
831 2563 852 2603 in

77 2625 99 2651 eo
108 2612 180 2665 libello,
188 2630 245 2669 quern
256 2617 280 2657 de
289 2617 368 2659 ibernia
378 2618 496 2667 sustinenda,
508 2621 527 2658 et
536 2617 604 2658 incolis
612 2622 670 2669 atque
679 2615 772 2670 religione
781 2617 853 2658 Catho-

75 2665 112 2707 lica
121 2669 207 2710 delendis
215 2671 308 2725 scriptum
317 2687 378 2714 manu
386 2673 469 2726 reliquit.

104 2722 143 2763 Sed
152 2726 197 2777 quid
208 2727 357 2769 authoritatibus
368 2743 416 2782 opus
427 2731 460 2778 est,
470 2727 505 2768 ubi
514 2727 563 2767 ratio
573 2726 728 2767 manifestissime
737 2727 852 2781 persuadit?

76 2776 164 2829 Anglicis
173 2785 193 2820 et
207 2781 292 2835 Belgicis
301 2783 384 2824 navibus
394 2797 437 2837 quae
446 2783 467 2824 in
476 2781 581 2823 occidentis
590 2781 657 2821 Indias
668 2782 731 2823 solent
740 2783 801 2824 facere
811 2783 853 2824 vela

77 2844 144 2891 capere
153 2841 281 2877 mercatorum
294 2852 351 2879 naves
362 2842 382 2879 et
391 2838 485 2879 Catholici
490 2838 540 2891 reg-is
550 2836 605 2877 classi
612 2837 724 2878 thesaurum
732 2838 809 2878 vehenti
823 2839 853 2879 in-

78 2886 148 2945 sidiari,
165 2905 186 2930 ac
197 2892 254 2932 etiam
267 2892 288 2932 in
298 2893 356 2934 India
366 2894 420 2935 sedes
435 2906 534 2946 occupare,
544 2892 578 2944 qui
588 2891 667 2932 lbernia
676 2894 777 2946 potiretur,
787 2908 852 2934 mean-

78 2939 128 2982 tibus
136 2944 166 2985 vel
176 2946 306 2988 remeantibus
315 2949 416 2990 commode
426 2953 490 3003 posset
500 2961 598 2989 occurrere
607 2949 682 3001 vegetis
692 2952 711 2990 ct
721 2949 800 3002 integris
808 2950 853 2990 viri-
