2237 3535
248 326 289 365 221
381 326 514 368 o’sununvaar
528 339 628 367 1111111111
643 339 765 375 1111111111,
780 337 872 366 1111111.
929 323 1019 364 111111.

929 366 938 376 ι.

247 433 315 475 Altera
324 450 368 489 pars
378 441 450 491 septem
460 437 538 476 navium
553 435 606 474 Petri
623 435 722 476 Zubiauris
732 430 854 490 propraetoris
863 434 928 475 navim
938 447 1019 486 sequens

248 493 268 529 et
277 490 346 544 pelago
356 492 390 532 diu
400 505 462 531 errans
478 492 499 530 in
514 490 610 530 Granium
621 489 708 530 Galletiae
717 491 811 545 oppidum
820 493 920 531 ventorum
930 489 950 529 vi
959 489 1019 529 defer-

248 548 287 586 tur.
315 546 382 587 Altera
394 560 444 599 pars,
455 559 497 598 quae
516 544 577 597 major
591 547 637 593 crat,
647 546 755 596 praetoriam
765 560 833 587 navem
842 547 907 586 secuta
916 557 966 585 anno
976 543 1019 584 mil-

247 599 316 641 lcsimo
331 600 467 641 sexcentesimo
483 599 545 652 primo
562 612 627 639 mense
644 599 752 652 Septembri
767 601 789 641 in
804 599 926 642 Keansaliam
945 598 1020 652 appulit

248 654 390 695 Momoniarum
400 654 498 708 oppidum,
509 653 561 708 quod
576 654 635 694 haerct
650 653 715 707 portui
729 668 807 708 magno,
818 660 837 696 et
850 654 947 696 tutissimo
963 654 1019 694 meri-

193 717 195 721 ‘
248 709 299 749 diem
308 709 408 762 spectanti.
437 708 474 750 Oui
483 709 544 753 etiam,
557 709 658 749 imminent
668 708 707 749 duc
723 710 801 751 castella
810 712 861 760 hinc,
871 710 916 751 inde
925 712 1017 757 extructa,

247 763 316 817 quibus
326 765 342 803 si
362 765 462 805 tormentis
477 765 551 805 firmata
566 767 674 813 teneantur,
691 763 763 813 invitis,
773 764 826 805 haud
842 765 903 807 facilis
913 768 942 805 est
955 764 1019 804 aditus

246 819 266 858 in
275 822 359 870 portum.
387 819 419 859 Ab
429 819 487 860 altera
503 823 557 873 parte
576 819 663 859 tumulus
673 818 740 871 surgit,
751 820 803 860 unde
813 820 970 861 machinamentis
981 818 1018 859 dis-

245 873 312 926 positis
322 873 415 927 oppidum
428 878 491 928 potest
501 874 619 914 commodius
629 873 660 914 vel
670 873 783 927 oppugnari,
794 874 825 915 vel
834 875 957 928 propugnari.
986 873 1018 914 Ab

246 927 344 968 occidente
353 930 425 969 flumen
436 929 497 970 abluit
505 928 627 983 importando
638 928 723 969 subsidio
733 929 831 969 idoneum.
848 929 945 983 Oppidani
955 929 1018 970 animo

244 982 377 1034 libentissimo,
389 988 408 1024 et
418 983 479 1025 obviis
490 984 523 1037 (nt
540 984 594 1024 aiunt
609 983 705 1036 manibus)
716 984 808 1037 Aquilam
818 984 928 1037 Hispanum
937 985 1018 1038 impera-

181 1033 237 1077 [lta]
245 1040 324 1091 toremtl
338 1044 358 1079 11
370 1040 411 1093 ejus
425 1040 529 1080 exercitum
546 1038 592 1091 (dno
609 1038 668 1079 millia
682 1043 701 1079 et
711 1039 813 1091 quingenti
826 1040 899 1092 pedites
909 1041 971 1091 erant)
986 1054 1017 1079 ex-

243 1092 300 1146 pulso
319 1094 428 1147 Anglorum
444 1095 539 1148 prasidio,
558 1094 580 1134 in
599 1093 691 1148 oppidum
709 1094 823 1134 intulerunt.
851 1094 878 1134 In
893 1108 931 1147 quo
946 1094 1018 1147 Aquila

244 1162 264 1188 se
281 1148 315 1188 diu
333 1163 373 1189 non
391 1163 504 1191 mansurum
520 1152 597 1203 putans,
613 1150 634 1189 in
649 1148 767 1189 Rincarrano
786 1149 940 1202 (ltinncharrain)
958 1149 1017 1189 altero

243 1216 267 1242 er
277 1203 352 1244 duobus
371 1204 459 1254 castellis,
477 1219 520 1259 qnae
538 1204 605 1258 portui
623 1204 730 1253 imminent,
748 1204 846 1245 cohortem
865 1218 924 1244 unam
933 1203 1017 1257 praesidii

243 1272 300 1298 causa
319 1260 386 1312 ponit:
410 1259 502 1301 bellicum
519 1259 695 1300 machinamentum
712 1272 774 1300 uuum
793 1274 804 1300 e
827 1258 908 1299 navibus
931 1259 1016 1312 exponit,

243 1317 332 1354 causatus
341 1314 379 1355 illis
389 1314 476 1365 navibus,
484 1329 532 1368 quas
542 1314 625 1355 Γ11111111
634 1313 722 1363 ducebat,
732 1314 885 1355 machinamenta
894 1313 931 1354 sibi
941 1313 1016 1355 decreta

242 1370 322 1421 portari.
341 1369 396 1410 Inter
414 1369 476 1419 illurn,
494 1374 513 1410 ct
533 1370 640 1410 cohortium
660 1370 724 1418 duces,
735 1370 881 1423 Mathaeumque
900 1369 1016 1409 Ovetensem

242 1422 362 1465 Dubhlinnae
371 1425 542 1479 Archiepiscopum
552 1425 664 1474 simultates,
675 1429 694 1464 et
704 1424 831 1465 dissensiones
841 1426 934 1464 oriuntur.
945 1424 1015 1465 Daniel

243 1478 383 1520 O’Sullevanus
392 1480 474 1529 11111111,
491 1485 511 1520 11
527 1480 622 1520 Beantriae
637 1479 725 1532 princeps
735 1479 812 1532 Aquilae
821 1479 934 1520 nunciatum
948 1480 1014 1529 mittit,

242 1533 286 1582 sibi,
296 1539 316 1574 et
325 1535 390 1575 amicis
400 1536 440 1576 suis
450 1535 519 1575 milites
534 1533 586 1575 mille
602 1539 684 1575 armatos
701 1548 747 1584 esse,
758 1538 777 1574 et
786 1534 867 1575 totidem
876 1535 959 1575 inermes
969 1549 1013 1575 con-

243 1588 359 1638 scribendos,
378 1590 436 1630 modo
454 1590 486 1630 ille
505 1590 615 1643 suppeditet
633 1604 692 1637 arma,
713 1589 783 1641 quibus
806 1590 931 1638 instruantur,
952 1602 1013 1643 eoque

242 1657 323 1684 numero
334 1659 353 1684 se
362 1645 440 1698 proreg‘i
448 1645 484 1685 iter
497 1645 624 1694 occlusurum,
635 1648 654 1684 et
668 1644 787 1685 obsidionem
796 1644 944 1697 prohibiturum,
954 1645 1014 1685 donec

243 1698 345 1749 O’Nellus,
355 1704 374 1739 11
384 1699 504 1740 O’Donellns
521 1699 592 1740 anxilio
601 1700 685 1739 veniant.
714 1699 785 1752 Aquila
793 1699 892 1752 respondit
903 1699 935 1753 (ut
945 1699 1014 1740 O’Sul-

241 1753 320 1794 levanus
330 1755 377 1795 mihi
386 1754 444 1795 retuli
453 1754 463 1809 )
473 1768 571 1795 armorum
587 1755 661 1807 copiam
676 1753 712 1794 sibi
729 1768 769 1793 non
779 1768 826 1803 esse,
837 1754 888 1807 qnod
898 1754 910 1793 1
919 1754 1013 1795 Zubiaure

240 1808 356 1859 ferebantur,
367 1813 387 1850 et
406 1810 486 1850 aliorum
505 1810 563 1850 etiam
582 1808 725 1849 Momoniornm
745 1809 819 1849 animos
837 1808 915 1849 minime
925 1809 1013 1859 solicitat,

242 1863 328 1914 O'Nessi,
339 1869 357 1905 et
368 1864 471 1905 O'Donelli
481 1864 582 1905 consilium
592 1863 716 1918 expectaret

268 1918 354 1960 Blnntus
363 1919 447 1960 Iberniae
456 1920 529 1960 Prcrcx
544 1923 584 1959 erat
595 1923 642 1960 tunc
652 1918 743 1972 temporis
752 1918 885 1970 Anthloniae‚†
895 1933 934 1973 quc
948 1922 1013 1975 copias

241 1988 286 2014 snas
303 1975 432 2025 accersiverat,
448 1990 488 2016 non
507 1975 585 2028 ignarus
605 1974 703 2027 Hispanos
719 1974 740 2013 in
757 1973 855 2015 Iberniam
871 1974 1013 2027 expeditionem

240 2030 325 2070 facturos
339 2030 404 2079 fuisse,
415 2033 438 2070 ut
453 2029 581 2084 exploratores
596 2029 656 2083 Angli
671 2032 791 2069 monuerant.
824 2029 879 2070 Unde
888 2029 1013 2072 Keansaliam

239 2088 307 2138 petens
327 2099 371 2126 cnm
391 2085 460 2125 comite
486 2084 632 2133 Olanrichardae,
652 2083 810 2137 Anglo-IberniS,
830 2084 912 2124 iberniae
931 2086 1012 2127 consilio

239 2140 299 2192 regin,
309 2141 406 2193 regiisque
415 2140 476 2193 copiis
491 2139 587 2189 ominbus,
605 2154 647 2192 qnae
656 2139 758 2179 hominum
769 2142 842 2192 septem
851 2138 911 2179 millia
925 2142 1012 2182 contine-

239 2193 293 2244 bant,
302 2195 394 2249 Aquilam
409 2195 509 2236 obsidione
518 2194 582 2243 vallat,
595 2194 734 2235 Rincarranum
743 2193 795 2234 haud
805 2207 874 2247 magno
884 2196 964 2249 negocio
979 2211 1011 2237 er-

238 2255 320 2303 111111,
348 2251 472 2291 Keansaliam
488 2250 586 2304 dispositis
602 2249 623 2290 11
632 2249 707 2290 tumulo
716 2249 818 2289 tormentis
828 2250 894 2290 acriter
904 2257 1011 2305 oppugnat.

238 2305 272 2346 1111
282 2320 344 2346 comes
352 2306 463 2355 Tomonius,
470 2305 504 2360 qui
510 2309 557 2345 tunc
566 2305 657 2358 temporis
663 2304 685 2344 in
690 2303 762 2357 Anglia
769 2307 815 2353 erat,
823 2318 865 2345 cum
874 2308 917 2346 octo
924 2306 1010 2348 millibus

237 2364 330 2414 tyronum
338 2361 447 2414 Anglornm
464 2361 535 2401 auxilio
551 2359 641 2400 mittitur.
670 2360 736 2400 Altera
744 2362 799 2412 parte
813 2360 883 2413 reginae
892 2361 957 2402 classis
966 2377 1011 2416 por-

237 2420 281 2456 tum
291 2430 386 2470 occupans
401 2416 493 2470 oppidum
508 2419 649 2456 tormentorum
665 2413 737 2455 ictibus
749 2412 835 2455 discutit.
863 2415 947 2470 Hispani
961 2417 1010 2458 nihil

237 2471 306 2511 animis
322 2471 439 2511 consternati
454 2474 557 2525 properant
573 2470 665 2524 oppidum
675 2482 802 2524 propugnare,
812 2483 834 2510 eo
844 2473 946 2521 tormento,
957 2473 1010 2525 quod

235 2526 273 2580 ipsi
292 2526 399 2567 anavibus
414 2529 550 2580 exposuerunt,
569 2529 589 2566 et
604 2525 686 2574 duobus,
704 2537 747 2576 quac
762 2528 815 2565 erant
831 2525 852 2566 in
867 2526 946 2580 oppido,
963 2527 1008 2568 hinc

235 2581 328 2635 Anglicas
336 2596 394 2623 naves
411 2582 554 2636 oppugnatione
570 2594 673 2629 removere,
689 2578 734 2620 iude
747 2578 833 2621 hostium
842 2585 903 2622 castra
912 2582 1008 2633 infestare,

256 2777 263 2793 *
276 2775 380 2818 According
394 2779 413 2808 to
427 2774 492 2808 Pacata
506 2773 601 2810 Hibernia,
614 2783 631 2815 p.
640 2772 680 2808 251,
689 2780 734 2802 none
748 2770 769 2803 of
778 2772 808 2806 the
817 2772 871 2812 Irish,
879 2776 942 2817 except
954 2785 965 2806 a
973 2773 1006 2808 few

233 2821 341 2865 dependants
350 2819 370 2853 of
379 2819 467 2852 Florence
476 2818 578 2862 M‘Uarthy⁷
585 2817 620 2850 had
628 2815 694 2849 offered
702 2814 747 2847 their
755 2817 831 2851 services
840 2822 858 2851 to
870 2817 901 2850 the
910 2818 1006 2862 Spaniards

232 2871 250 2898 at
259 2865 338 2898 Kinsale.

254 2914 266 2947 t
278 2909 300 2943 In
309 2909 400 2944 Ormonde
409 2908 475 2949 (lastle,
483 2908 580 2951 Kilhenny.
