2237 3535
179 415 220 454 152
307 414 439 455 c'suunnvsur
453 425 554 453 nrsroanu
569 426 694 465 carnotina,
710 428 758 456 1011,
773 427 806 454 111.
865 415 916 468 [nm.
930 427 955 454 rr.

180 525 246 577 (quem
254 527 320 577 postea
328 522 388 576 Angli
395 536 473 576 quoque
479 536 545 576 regem
551 522 667 574 asciverunt)
677 523 806 577 deprehensus
814 523 838 565 ad
846 523 957 565 Elirabeth-

179 593 212 619 ain
221 578 297 631 Angliae
307 578 393 630 reginam
402 577 516 633 Londinurn
525 578 602 618 vinctus
611 577 701 617 mittitur.
726 579 767 620 Ubi
776 580 797 620 in
807 579 957 621 consiliariorum

179 637 250 673 catum
260 632 373 685 productus,
383 632 407 672 ab
417 646 457 673 uno
467 633 603 685 interrogatus,
614 646 648 673 cur
662 645 726 685 genua
735 648 776 674 non
784 634 879 683 flectebat,
897 638 957 675 “non

179 687 236 728 sum²²
251 686 316 740 inquit
327 687 368 727 “id
384 688 446 728 iacere
456 687 559 728 solitusi’t
587 687 638 727 Tum
647 686 767 728 consiliarius
782 690 879 731 “nonne’'
891 690 956 743 inquit

180 746 220 781 “es
237 741 306 782 solitus
323 756 386 796 genua
401 756 466 783 coram
482 741 599 797 imaginibus
615 741 704 795 flectere”
726 743 815 784 “Certe”
834 745 899 798 inquit
916 744 955 785 illc.

179 796 253 837 ‘'Cur’'
262 796 328 851 inquit
337 797 368 838 hic
385 800 443 838 “non
459 797 512 838 idem
529 811 606 851 quoque
621 811 674 838 nunc
689 796 767 837 facis?”
796 800 882 844 “Quia’'
892 800 956 852 inquit

177 850 211 891 illc
221 852 291 892 “inter
299 852 365 892 Deum
374 855 394 892 et
404 856 488 901 sanctos,
495 866 578 906 quorum
591 851 685 906 imagines
697 867 781 902 veneror,
792 857 861 904 01100,
872 854 956 895 multum

177 906 276 956 interesse,
294 921 369 961 semper
377 907 466 960 putavi.''
483 907 542 948 Brevi
556 910 601 960 post
610 911 672 948 morte
681 907 778 961 plectitur.
808 908 854 953 uua
862 924 883 950 10
893 908 954 950 'divul-

177 962 223 1014 gart
232 961 343 1003 Bernardns
353 962 393 1016 ejus
402 962 460 1012 filius,
471 978 483 1003 a
492 962 532 1002 suis
540 961 656 1002 O'Ruarkus
665 964 797 1013 renunciatus,
807 968 908 1018 paternam
916 964 955 1004 hee-

176 1016 279 1056 reditatem
295 1031 407 1071 recuperare
421 1018 505 1057 Tuethio
520 1018 594 1058 ferente
611 1031 667 1071 opem
682 1018 794 1059 secundiore
809 1023 870 1059 marte
879 1020 955 1064 tentati

177 1070 228 1112 bello
238 1085 305 1113 11110110
314 1072 335 1113 in
345 1072 458 1113 Oonnachta
464 1076 561 1113 renovate.

517 1385 575 1425 GAP.
590 1384 621 1428 II.

406 1492 490 1538 Lagenias
498 1497 557 1527 motus
565 1498 583 1527 et
592 1493 646 1538 aliqui
655 1505 712 1527 casus.

177 1610 219 1650 Sua
227 1609 279 1649 idem
286 1611 363 1661 tempus
370 1607 392 1648 in
397 1606 484 1660 Lagenih
493 1608 547 1660 parvi
554 1611 619 1647 motus
627 1607 721 1656 0111111101,
728 1607 798 1660 Anglis
804 1608 956 1660 protestantibus

176 1664 281 1704 Catholicae
290 1663 389 1715 religionis
400 1662 544 1715 oppressoribus
561 1662 624 1702 edicta
633 1663 686 1715 regia
696 1662 835 1715 exequentibus
845 1666 864 1702 et
873 1662 956 1717 Lageni-

176 1733 232 1760 enses
249 1717 334 1772 graviter
350 1716 513 1757 concutientibus.
541 1716 600 1757 Hanc
616 1718 768 1770 persecutionem
786 1717 862 1770 fugiens
872 1717 956 1758 Vatcrus

177 1773 290 1814 Giraldinus
296 1776 424 1826 cognomento
431 1771 507 1812 Fuscus
519 1771 587 1824 (Vater
596 1771 665 1824 Riach)
678 1786 701 1812 cx
707 1771 789 1812 Kildarii
796 1772 871 1812 comitis
877 1773 955 1822 familis,

177 1844 201 1869 ex
210 1828 330 1869 Kildariensi
346 1826 398 1867 tribu
407 1827 429 1867 in
446 1826 553 1867 Gloranum
563 1841 636 1880 pagum
653 1826 705 1880 apud
715 1827 836 1867 densissimas
852 1827 913 1880 sylvas
926 1843 954 1868 se-

177 1883 234 1925 cessit
242 1884 298 1935 juxta
307 1882 401 1922 Fischum
416 1881 536 1922 O'Bruiuem
554 1881 635 1935 (Fiacha
649 1881 695 1922 Mac
704 1881 781 1933 Aodha)
797 1882 878 1936 AEgydii
887 1883 954 1932 filium,

176 1939 232 1992 cnjus
241 1937 302 1978 filiam
311 1950 391 1977 uxorem
406 1936 469 1976 duxit.
498 1936 519 1976 Is
535 1936 619 1977 Fiachns
636 1937 696 1990 patris
708 1936 794 1990 exemplo
804 1939 955 1990 protestantium

176 1993 279 2035 acerrimus
297 1992 359 2032 hostis
377 1996 430 2041 erat3
446 1995 513 2031 contra
530 2005 562 2031 eos
577 1992 684 2045 conjuravit
700 1992 721 2032 in
737 1992 821 2032 1111010111
838 1993 956 2033 vicecomitis

176 2048 325 2102 conspiratione,
336 2047 393 2087 sicuti
402 2047 491 2100 superius
505 2046 595 2095 vidimus,
611 2048 659 2087 etin
669 2060 735 2087 eorum
751 2046 879 2087 obedientiam
893 2062 955 2088 rever-

176 2118 215 2153 sus,
226 2102 332 2143 Catholicis
342 2103 375 2154 qui
385 2101 409 2142 ad
418 2102 484 2155 ipsum
496 2101 644 2154 protestantium
654 2102 734 2154 injurias
744 2101 851 2155 fugiebant,
861 2106 901 2143 erat
906 2117 954 2156 prae-

176 2159 253 2208 sidium,
271 2157 319 2198 alios
336 2156 458 2205 occultando,
476 2156 524 2196 alios
540 2155 604 2209 palam
621 2155 740 2209 excipiendo.
769 2156 800 2196 Ob
816 2157 868 2210 quod
878 2159 955 2211 aregiis

175 2215 302 2268 impugnatus
312 2213 381 2265 partim
392 2212 428 2251 sut
444 2211 522 2260 virtirte,
532 2211 604 2264 partim
619 2211 714 2264 sylvarum
724 2210 818 2251 densitate
828 2226 868 2252 sese
878 2214 955 2254 tutaba-

175 2271 220 2320 t-ur‡
232 2268 293 2309 donec
303 2266 456 2307 incolumitatem
466 2270 485 2307 et
494 2266 551 2306 fidem
559 2265 657 2319 publicam
664 2266 797 2320 pacisceretur,
808 2280 866 2319 quam
873 2267 955 2308 libenter

175 2322 308 2365 concedebant
317 2321 384 2375 Angli,
394 2337 419 2362 ne
429 2322 510 2375 majores
525 2326 591 2361 motus
608 2321 718 2361 concitaret.
748 2320 808 2361 Juxta
817 2322 869 2362 hunc
879 2322 954 2363 Fuscus

175 2392 296 2420 commorans
306 2376 330 2417 ab
340 2374 867 2430 11011000001111110111111,01000110111101001111111110111
876 2379 954 2419 armatis

174 2433 296 2488 paucissimis
306 2432 395 2486 stipatus.
423 2432 499 2481 Anglos
513 2431 595 2471 finitima
609 2430 652 2470 loca
660 2430 765 2470 incolentes
776 2431 896 2485 depraedatus
906 2433 933 2473 Gl
946 2460 953 2466 -

174 2503 241 2530 ranem
249 2486 387 2528 revertebatur.
417 2486 539 2527 Redeuntem
548 2486 569 2526 111
578 2485 648 2525 itinere
658 2485 775 2526 nanciscitur
784 2486 869 2527 Dudlius
879 2487 954 2541 Bagnal

174 2543 251 2597 Anglus
262 2556 321 2595 eques
329 2547 408 2582 auratus
417 2541 501 2582 iberniae
511 2540 671 2582 castrametaturis
686 2541 744 2580 trater
752 2556 796 2582 cum
807 2542 885 2583 cohorte
895 2557 953 2597 quam

173 2597 259 2654 praesidii
268 2597 327 2637 caust
336 2596 446 2637 Lethlinnae
456 2596 546 2637 habebat.
576 2594 684 2635 Oommissh
690 2596 756 2649 pugnb
764 2597 850 2637 Dudlius
860 2599 954 2639 0111111011

173 2655 213 2695 lere
222 2653 301 2694 cohorte
312 2652 411 2692 occiditur.
441 2651 501 2693 Haud
519 2652 552 2692 diu
567 2653 614 2703 post
630 2649 713 2691 Vaterus
728 2665 772 2693 cum
786 2651 885 2706 peditibus
900 2668 953 2697 sera,

196 2821 204 2837 *
217 2818 318 2854 Remained
325 2818 367 2851 with
377 2817 479 2863 M‘vaeeny
488 2829 498 2851 a
505 2828 554 2862 years
579 2815 627 2849 ch·
635 2816 716 2856 1111101011,
724 2829 742 2862 p.
757 2817 809 2859 1897,
819 2820 869 2852 1905.

196 2865 209 2908 †
219 2864 291 2908 Spdney
300 2863 339 2897 said
346 2868 359 2884 “
367 2863 432 2903 henas
441 2863 471 2896 the
479 2862 566 2907 proudest
574 2861 705 2895 mantlratever
714 2862 723 2896 1
733 2863 781 2896 dealt
788 2864 832 2896 with
838 2865 856 2897 in
862 2864 952 2899 Ireland.”

176 2910 204 2943 On
212 2910 242 2943 the
249 2908 324 2942 scaffold
331 2908 353 2941 he
361 2920 396 2941 was
404 2909 458 2942 noble
466 2908 501 2941 arrd
509 2912 556 2947 true,
565 2905 648 2950 scorning
656 2906 686 2941 the
695 2907 776 2952 spiritual
784 2908 814 2941 aid
826 2909 847 2942 os
858 2910 887 2943 the
902 2922 952 2955 apos·

173 2959 210 2988 tate
219 2954 333 2994 Franciscan,
342 2953 401 2997 Myler
410 2952 505 2987 M‘Grath.
530 2952 564 2985 See
573 2950 623 2983 uom-
631 2951 714 2993 Masters,
722 2964 740 2997 p.
751 2955 800 2986 1906.

197 3000 207 3042 1
220 3001 301 3043 Appears
309 2999 327 3030 in
335 2998 364 3031 the
373 2998 415 3031 field
423 2998 492 3043 against
500 2995 596 3040 Blugham,
606 2995 653 3041 May,
663 2999 712 3040 1593,
718 3009 736 3042 p.
746 3000 796 3034 1937,
