2237 3535
417 394 514 448 renunes.

165 521 268 565 Conuubio
280 534 326 574 ergo
335 519 374 560 mei
383 516 443 560 vincti
452 516 552 559 constante
561 514 650 566 parentes

192 587 323 640 Progenerant
332 588 405 639 septem
417 583 507 638 (pignora
515 578 566 630 cara)
579 578 650 627 decem,

169 655 208 696 Sed
216 653 308 695 tredecim
316 667 387 708 pueros
396 650 459 693 aetatis
468 649 515 689 flore
523 646 607 687 virentes

191 722 289 765 Incolumi
297 723 358 776 patria
367 719 448 763 sustulit
457 721 498 760 atra
508 715 557 757 dies.

165 790 255 835 Quatuor
264 789 331 832 excisae
339 786 384 845 post
393 787 457 830 tristia
462 785 523 827 busta
532 782 625 824 Jnrernae

191 858 244 900 Exul
253 859 274 900 in
284 858 378 913 Hispania
387 856 436 898 vidit
445 859 525 908 uterque
534 865 611 907 pareus.

164 926 249 969 Palladis
259 926 341 967 excoluit
350 940 382 966 me
391 921 520 977 Compostella
529 919 619 975 palaestra

193 994 275 1036 Mirifice
285 994 353 1035 stadiis
363 993 413 1034 clara
421 990 513 1044 magistra
520 989 584 1031 sacris.

163 1059 257 1100 Patritins
267 1059 339 1100 nitidus
349 1058 406 1099 Latio
416 1069 504 1096 sermone
514 1054 593 1095 Sinotus

191 1126 226 1167 Me
235 1127 273 1168 cito
283 1124 411 1180 grammaticae
420 1121 482 1176 prima
491 1121 585 1162 elementa
595 1122 651 1162 docet
659 1139 665 1171 ς

142 1228 143 1231 ,
164 1193 228 1239 (luem
237 1207 299 1247 nuper
307 1191 391 1233 numeris
399 1189 478 1238 clarum,
488 1187 590 1240 verbisque
599 1189 668 1228 solutis

190 1260 268 1314 Eripuit
277 1259 332 1300 nobis
342 1270 394 1297 mors
403 1258 504 1309 properata
514 1255 583 1294 virum.

163 1324 213 1368 lude
222 1327 270 1368 mihi
278 1325 372 1365 Vendana
382 1337 417 1364 suo
426 1321 545 1362 venerandus
554 1321 632 1362 alumno

190 1393 262 1433 Subtili
270 1392 362 1445 Physioos
372 1389 457 1444 explicat
466 1392 506 1430 arte
515 1388 581 1429 libros.

161 1460 235 1501 Abdita
244 1459 314 1499 divinae
323 1458 401 1512 Sophiae
411 1463 483 1498 secreta
492 1457 561 1498 retexit

191 1526 280 1567 Maroilla
288 1526 370 1581 insignis
379 1525 472 1580 religione
481 1524 557 1565 Petrus.

163 1595 217 1636 Hinc
226 1594 274 1635 mihi
283 1594 378 1635 Catholici
387 1593 470 1635 sectanti
478 1582 528 1634 bella
537 1592 647 1633 monarchae

188 1662 253 1711 Terrt,
264 1675 372 1716 ancepsque
381 1662 429 1702 mari
439 1675 480 1702 sors
490 1660 592 1702 subeunda
601 1660 646 1701 luit.

162 1727 257 1768 Incubuit
265 1727 336 1768 Daniel
344 1726 405 1767 minsis
415 1726 446 1768 his
455 1726 513 1767 frater
522 1725 592 1767 iisdem
597 1743 603 1776 ;

190 1797 295 1836 Armorum
305 1795 385 1849 strepitu
395 1794 479 1849 percitus
488 1795 529 1848 ipse
538 1793 602 1835 simul.

161 1863 176 1904 J
176 1878 206 1905 arn
215 1864 267 1918 regis
276 1863 345 1904 celeres
355 1877 413 1903 naves
423 1862 464 1903 atlr't
472 1862 505 1903 ille
514 1862 600 1916 Philippi

189 1931 279 1971 Terrifico
289 1930 386 1972 tumidum
396 1943 440 1984 quae
448 1944 501 1972 mare
510 1934 570 1971 marte
581 1930 673 1980 domant,-

161 1997 207 2038 Jam
215 1998 255 2039 fera
264 1996 345 2038 velivolrt
353 1997 468 2039 lustraverat
477 2012 554 2051 aequora
563 1998 625 2052 puppi

189 2065 235 2105 Jam
245 2064 296 2105 victo
305 2064 392 2106 adversas
402 2064 479 2107 fuderat
487 2066 542 2107 hoste
551 2070 609 2107 rates.

160 2132 210 2174 Post
218 2133 281 2174 varios
291 2147 345 2174 casus
355 2134 419 2174 stratis
429 2133 532 2174 certamine
540 2134 608 2175 Tuscis

189 2197 305 2239 Bombardae
316 2198 378 2251 (Joris
387 2203 411 2239 ut
419 2198 508 2252 fulmine)
519 2199 589 2254 glande
599 2199 657 2241 cadit.

161 2264 257 2307 Redditur
266 2266 342 2307 Artifici
351 2279 419 2307 mens:
434 2270 464 2308 ast
474 2280 559 2319 exangue
569 2267 650 2309 cadaver

187 2330 261 2386 incipit
270 2332 363 2385 aequoreis
373 2331 460 2386 piscibus
469 2347 510 2373 esse
520 2332 581 2373 cibus.

161 2398 260 2441 Candidus
269 2400 322 2441 heu!
336 2400 394 2441 viridi
401 2401 495 2455 juvenum
504 2402 540 2442 flos
549 2401 619 2442 oceidit
628 2416 670 2442 aero

188 2464 263 2520 Regula
274 2465 308 2519 qui
317 2475 399 2516 morum,
409 2481 514 2521 normaque
523 2467 589 2508 martis
599 2471 645 2509 erat.

159 2532 240 2574 Viribus
248 2532 281 2574 ille
290 2533 329 2574 tuit
337 2533 413 2575 robusti
423 2535 508 2588 corporis
518 2534 593 2575 Hector

188 2602 236 2643 Non
246 2602 306 2644 animi
313 2602 392 2644 inferior
401 2603 475 2644 viribus
485 2603 517 2644 ille
525 2604 569 2644 fuit

160 2669 241 2712 Viribus
249 2671 282 2712 ille
291 2671 393 2714 tuitionis
403 2672 484 2713 bellator
493 2671 564 2726 ubique
573 2689 577 2712 :

143 2753 146 2761 ¹
188 2734 282 2778 Strenuus
292 2740 338 2788 arte,
348 2738 419 2788 animo,
432 2737 505 2779 viribus
515 2738 547 2779 ille
556 2738 599 2778 fuit.

160 2797 201 2843 Quj
209 2814 244 2853 per
253 2801 344 2843 virtutem
352 2805 441 2856 pereunt,
451 2803 487 2844 hos
496 2803 559 2844 vivere
567 2803 649 2844 Plautus

188 2864 209 2906 Si
218 2865 268 2907 bene
277 2868 342 2917 sensit,
353 2882 398 2909 eum
407 2869 470 2909 vivere
480 2872 553 2909 constat
563 2867 634 2908 adhuc.

158 2932 246 2987 inclytus
256 2934 308 2976 hunc
317 2936 377 2977 veteri
385 2936 484 2990 generavit
493 2939 593 2977 stemmate
603 2937 693 2996 princeps

187 3001 260 3044 Nobile
269 3003 303 3057 qui
312 3004 371 3055 trahit
379 3020 390 3046 a
399 3004 477 3059 regibus
486 3017 547 3058 usque
557 3018 618 3059 genus

208 3080 218 3104 G
