2237 3535
114 395 159 422 eir.
170 381 209 434 vri]
277 402 278 405 =
379 394 490 422 nnnrrron
501 392 626 421 iiannuinrs
635 393 713 422 suuni.
861 387 886 425 81

140 495 191 535 rum
201 494 225 535 de
234 493 334 546 injustitia
344 495 440 545 ministris,
452 496 485 549 qui
495 494 519 535 ad
529 493 640 534 Catholicos
648 495 746 536 vexandos
760 499 805 535 sunt
817 498 887 537 consti-

112 550 157 600 tnti,
169 549 273 591 videamus.
303 548 374 590 Praeter
387 550 497 604 Proiegem,
513 549 576 601 regios
591 562 701 599 assessores,
716 551 747 591 vel
763 550 886 601 consiliarios,

111 605 262 654 Momoniarum,
277 603 429 659 reliquarumque
442 604 586 659 provinciarum
600 603 716 645 Praeiectos:
732 610 801 659 praeter
811 605 886 647 ordina-

110 661 149 700 rios
162 659 243 714 judices,
259 658 293 712 qni
307 659 329 700 iii
345 662 419 715 oppidis
435 658 604 714 principalioribus
615 658 693 710 judiciis
703 664 801 713 praesunt:
817 666 886 713 praeter

110 715 173 768 regios
183 714 255 763 Fiscos,
263 714 344 767 judices,
354 730 407 769 quos,
417 718 488 757 vocant
494 714 557 763 Pacis,
568 718 588 753 et
598 714 644 754 alios
653 728 694 754 non
701 729 778 768 paucos,
788 715 810 755 iu
820 716 886 770 singu-

109 769 133 810 lis
143 769 239 819 tribubus,
249 769 280 810 rel
290 771 409 812 comitatibus
420 776 467 811 sunt
481 770 519 810 duo
534 769 616 823 judices,
634 782 717 822 quoium
732 770 779 811 alter
789 770 884 820 Shiriitus,

109 825 157 866 alter
168 824 294 866 Subshiriffus
302 830 436 880 nuncupatur:
451 826 484 866 ille
493 824 560 878 major,
571 824 603 865 hio
617 826 680 865 minor
690 829 726 866 est.
756 825 828 866 Sliiiiffi
838 840 885 879 quo-

108 893 146 933 que
154 880 228 933 judices
238 880 290 929 ahos,
308 895 355 933 quos
370 881 468 935 appellarit
483 880 555 929 Balios,
572 880 594 920 iii
609 880 699 920 omnihus
710 880 797 921 tribuum
807 882 883 934 populis

108 934 207 988 delegatos
216 935 294 976 habent.
322 938 351 977 Ac
366 937 423 977 etiam
438 935 521 976 insulam
535 938 598 975 totam
609 935 694 976 lustrant
711 939 779 989 quater
795 936 817 975 iii
833 950 884 976 anno

106 989 182 1043 judices
194 990 226 1031 alii
240 991 286 1031 dicti
301 991 436 1032 commissarii:
452 990 522 1043 quibus
538 994 623 1043 potestas
640 991 771 1044 cognoscendi
787 990 811 1031 de
826 990 883 1031 rebus

107 1044 197 1085 omnibus
207 1046 339 1096 committitur,
351 1046 397 1099 quid
406 1059 510 1086 memorem
520 1044 601 1098 plures?
625 1044 659 1095 Hi,
670 1046 736 1096 etalii,
747 1060 813 1087 omues
824 1046 882 1086 auda-

107 1100 137 1140 cia
147 1100 237 1151 furentes,
248 1101 309 1141 scelus
319 1101 436 1149 anhelantes,
447 1104 521 1153 pestem
532 1100 642 1153 reipublicae
658 1101 731 1141 nefarie
745 1101 847 1141 molientes
862 1106 881 1141 et

106 1169 174 1195 nervos
184 1170 256 1205 omnes,
265 1160 286 1195 et
300 1156 425 1210 cogitationes
438 1154 549 1203 intendunt,
561 1158 584 1194 ut
594 1155 699 1195 sacerdotes
713 1157 789 1209 fugent,
803 1157 880 1209 capiant

105 1210 199 1260 occidant,
210 1216 230 1251 et
243 1211 352 1251 Catholicos
367 1211 419 1250 omui
433 1209 458 1257 vi,
473 1209 549 1261 injuria,
566 1208 619 1249 clade
635 1209 757 1251 labefactent.
787 1210 846 1255 Quod
856 1218 879 1251 ut

104 1265 179 1306 facilius
189 1270 336 1319 consequantur,
346 1265 404 1317 longa
414 1277 488 1316 semper
497 1262 570 1301 liabent
578 1263 600 1303 in
610 1278 644 1303 suo
657 1265 757 1315 comitatu,
767 1269 786 1305 et
795 1266 879 1307 amicitia

105 1321 293 1361 sceleratissimorum
309 1320 409 1359 hominum
429 1317 517 1369 agmina:
527 1318 535 1368 ll
553 1318 626 1357 ethaeo
643 1320 804 1370 nequissimorum
821 1325 932 1379 atquem]

103 1375 275 1427 perditissimorum
285 1375 385 1414 hominum
395 1372 471 1411 sentina
484 1371 533 1411 nihil
548 1371 599 1420 muli,
611 1371 640 1412 vel
655 1373 730 1413 sceleris
740 1375 792 1427 fingi,
803 1379 836 1415 aut
846 1391 877 1416 er-

103 1431 183 1483 cogitari
192 1433 262 1483 potest,
274 1428 325 1481 quod
335 1442 375 1468 non
383 1427 404 1467 in
414 1426 524 1466 Catholicos
538 1427 654 1480 concipiant

430 1712 487 1752 bur.
503 1711 540 1751 Vi.

103 1837 196 1876 Quomodo
204 1836 266 1871 Iberni
273 1839 370 1880 potuerunt
378 1839 415 1867 tam
423 1833 518 1866 immanem
527 1829 667 1875 persecutionem
676 1827 769 1870 sustinere,
779 1832 797 1861 et
806 1828 876 1861 haereti-

331 1891 391 1914 corum
401 1879 465 1923 jugum
474 1889 509 1911 noii
519 1876 646 1909 discusserint?

100 1991 187 2031 riniin
204 1995 274 2039 autem,
290 1993 368 2042 tamque
383 1986 496 2034 inauditam,
517 1988 536 2024 et
560 1984 672 2023 diuturnam
691 1980 817 2040 tyrannidem,
838 1981 876 2032 qut

100 2045 157 2086 Fides
170 2045 268 2086 Oatliolica
284 2045 382 2098 premitur,
393 2041 451 2082 multi
461 2039 510 2093 saepe
521 2039 584 2079 mirati
595 2042 645 2086 sunt,
657 2035 875 2098 quemadmoduiii'lirae

99 2101 162 2141 insula
178 2102 233 2141 tantb
249 2100 362 2148 coustantii,
380 2102 459 2150 tamque
474 2095 546 2135 invicto
562 2094 625 2133 auimo
642 2096 761 2139 sustinuerit,
774 2095 796 2129 ut
806 2089 874 2129 Fidem

122 2217 176 2250 *The
191 2222 250 2251 events
263 2216 351 2250 recorded
363 2215 381 2248 iii
394 2212 430 2246 this
444 2211 515 2255 chapter
529 2209 594 2253 belong
608 2206 712 2252 priiieipally
724 2211 744 2239 to
755 2205 786 2238 the
793 2205 844 2249 reign
854 2207 875 2239 of

98 2262 110 2295 J
111 2273 158 2295 ames
166 2263 182 2296 Ι.
199 2263 262 2297 Under
271 2260 372 2301 Ehraheth,
381 2258 429 2292 Irisli
437 2255 548 2301 persecutiou
556 2253 645 2298 generally
651 2252 694 2285 used
700 2251 730 2284 the
739 2250 803 2302 sword,
812 2250 871 2303 allow.

98 2307 129 2352 ing
136 2308 218 2341 however
226 2307 322 2341 toleration
330 2311 349 2339 to
356 2304 403 2349 loyal
411 2302 464 2341 Irish‚
476 2306 538 2344 except
550 2310 573 2332 on
582 2310 614 2333 one
622 2298 679 2342 point,
688 2296 717 2329 the
725 2296 784 2340 pnhhc
793 2306 871 2329 enercise

99 2352 120 2385 of
125 2352 172 2385 their
180 2353 262 2396 worship.
288 2351 347 2385 When
354 2351 384 2383 the
394 2348 428 2392 jud
441 2358 459 2380 es
470 2347 527 2390 began
538 2343 585 2377 their
597 2343 669 2387 regular
678 2342 750 2374 circuits
759 2340 838 2384 through
846 2342 871 2374 all

98 2397 171 2430 Ireland
178 2397 207 2431 for
215 2398 245 2431 the
253 2398 293 2430 first
300 2396 343 2429 time
355 2394 412 2428 under
426 2359 440 2425 d
439 2402 490 2430 ames,
504 2390 534 2423 the
543 2388 685 2422 administration
692 2385 713 2419 of
719 2385 795 2429 English
803 2385 843 2424 law,
852 2386 870 2419 in

97 2442 147 2476 itself
154 2442 257 2486 sufficiently
272 2441 372 2475 distasteful
385 2444 404 2472 to
418 2437 448 2471 the
460 2435 514 2474 Irish‚
523 2434 623 2478 oppressiva
632 2432 667 2466 and
675 2431 777 2469 intolerare,
785 2440 821 2481 was
829 2441 869 2463 ren.

98 2488 152 2521 dered
166 2488 262 2532 peculiarly
271 2487 334 2520 odious
342 2486 388 2519 froin
396 2484 426 2517 the
435 2480 518 2515 selection
526 2479 547 2512 os
552 2479 583 2511 the
595 2479 653 2523 places
664 2477 683 2509 in
695 2475 751 2509 which
763 2474 793 2508 the
803 2475 869 2519 yudges

97 2532 139 2566 held
152 2533 199 2566 their
215 2536 281 2566 courts.
306 2533 332 2565 At
340 2530 444 2573 Mullingar,
454 2526 508 2570 stigo,
521 2524 612 2567 Kilkeuny
620 2523 657 2566 (for
665 2522 695 2575 the
704 2521 784 2563 county),
798 2520 828 2552 the
841 2531 869 2574 as.

96 2578 141 2611 sizes
148 2589 196 2612 were
203 2578 244 2611 held
251 2578 269 2610 in
277 2577 308 2609 the
316 2576 423 2610 Dominicau
431 2571 564 2609 charchas-at
573 2568 629 2608 Trim‚
637 2566 718 2603 Leitrim,
728 2565 794 2602 (lavari,
803 2564 868 2617 tinnis,

96 2623 223 2669 Enniscorthy,
234 2622 327 2660 Wiclrlow,
340 2621 375 2655 and
387 2619 462 2662 Galway
473 2616 509 2659 (for
521 2614 552 2647 the
561 2614 640 2657 county),
652 2611 694 2655 they
706 2621 752 2643 were
760 2609 829 2662 beldin
837 2610 868 2645 the

96 2667 204 2702 Franciscan
213 2667 304 2701 churches
330 2672 342 2689 “
347 2666 392 2704 Ita,¹’
400 2664 483 2698 observes
491 2660 574 2702 Mooney,
583 2658 630 2691 froin
638 2656 695 2690 whom
702 2654 751 2688 these
759 2655 868 2698 particulare

95 2724 125 2746 are
139 2714 198 2752 taken,
214 2713 275 2747 “illud
288 2711 417 2745 observandum
431 2713 464 2747 est,
478 2705 524 2751 quod
537 2703 648 2753 ubicumque¹
656 2700 748 2753 commode
756 2704 868 2754 potuerunt,

95 2759 167 2792 comitia
175 2770 207 2792 sua
215 2763 233 2792 et
238 2756 335 2791 tribunalia
340 2754 439 2800 judicialia,
447 2754 466 2786 in
478 2750 538 2796 quibus
553 2748 574 2780 de
588 2757 679 2791 sanguine,
691 2745 794 2797 criminibus
804 2750 822 2778 et
829 2750 868 2781 uita

94 2805 153 2846 agitur
162 2803 180 2837 in
189 2804 266 2837 ecclesiis
274 2802 391 2839 collocarunt,
399 2804 452 2842 atque
461 2798 482 2831 ad
490 2796 513 2836 id,
522 2799 540 2827 et
547 2793 587 2833 alia,
596 2791 714 2844 profanarent
721 2801 810 2843 praecipue
820 2791 839 2824 S.
848 2793 865 2826 S.

94 2845 186 2882 Francisci
194 2854 212 2882 et
218 2847 365 2890 Dominiei.¹¹.-p.
374 2848 390 2879 6.
417 2843 461 2877 This
469 2847 509 2880 was,
519 2840 541 2872 he
555 2835 697 2881 complanatae
710 2835 833 2888 abomination
848 2838 869 2870 of

94 2891 197 2934 desolation,
210 2897 222 2915 “
228 2894 246 2927 in
255 2893 327 2927 civitate
336 2891 409 2931 Gallula,
417 2890 435 2922 in
443 2889 480 2932 ipso
492 2886 546 2918 choro
557 2882 646 2934 judicibus
658 2880 760 2932 sedentibus
768 2892 801 2933 pro
810 2881 867 2915 tribu.

92 2936 127 2967 nali
136 2939 189 2981 super
197 2939 250 2972 altari
258 2948 333 2977 summo,
342 2937 364 2970 ad
373 2935 445 2969 modum
453 2929 586 2966 abominationis
595 2926 708 2961 desolationis
717 2930 784 2960 stantes
793 2937 810 2959 in
825 2926 865 2960 loco

91 2982 239 3016 sancto.”-Ibid.

204 3031 227 3068 ll
