2237 3535
201 389 230 426 td
350 389 483 427 o'sunaavanr
493 396 594 424 rusiorum
605 395 733 433 oarnorrcra,
743 394 788 423 rou.
798 395 813 422 r.
881 377 930 430 [ΜΒ.
946 395 978 424 rr.

202 497 332 537 austeriorum
348 496 439 537 fundator
453 494 538 535 extitisse
561 492 639 533 feratur.
684 493 744 538 Quod
760 491 930 535 idcircfflhaim
952 497 976 533 ut

203 567 227 592 ex
238 552 273 593 hoc
288 566 328 593 uno
342 551 430 606 conjiciat
443 550 508 599 lector,
519 563 576 603 quam
584 548 652 601 iugens
659 548 719 589 fuerit
728 544 801 603 reliqna
807 548 911 590 multitudo
922 566 926 588 z
942 548 974 589 de-

203 609 268 660 nique
287 606 426 655 nathaniam,
446 605 567 657 scotiamque
584 602 728 655 compleverunt
743 604 840 658 genimina
859 603 899 658 ejus
913 607 936 643 ut
953 616 976 644 ea

203 663 326 715 potissimum
350 665 436 715 tempora
458 660 547 701 Davidici
565 658 594 699 illi
612 658 700 698 versiculi
723 660 845 712 praecinuisse
868 658 974 699 videantur.

203 718 255 758 Psal.
267 720 300 766 64,
317 716 417 757 “visitasti
426 720 495 756 terram
505 718 525 754 et
538 713 636 754 inebriasti
650 727 698 762 eam,
713 714 846 768 multiplicasti
859 714 975 769 locupletare

204 773 267 814 eam.”
296 772 358 813 Addit
373 771 424 811 illico
440 770 485 809 “In
504 773 577 809 exteras
591 768 678 809 nationes
700 769 755 822 quasi
773 770 899 811 inundatione
918 770 974 817 facta,

204 828 238 869 illa
247 842 267 868 se
277 831 386 868 sanctorum
396 824 482 865 examina
495 824 593 873 fuderunt,
604 822 693 876 equibus
704 823 728 863 ad
738 824 772 864 has
781 829 857 866 nostras
867 825 974 866 Gallicanas

204 887 274 937 partes,
285 881 388 923 ascendens
398 879 529 920 Columbanus
539 878 660 920 Luxoviense
670 880 778 920 construxit
787 881 929 930 monasterium,
936 880 975 920 lae-

205 943 237 978 tus
245 938 273 978 ibi
282 938 302 977 in
313 938 390 990 gentem
399 933 509 988 magnam.’'
538 933 585 974 Huc
595 937 669 987 spectat
682 933 763 975 Hemici
777 936 941 977 Antisiodorensis
951 935 975 975 de

149 997 195 1039 [aa]
203 993 267 1034 insula
282 995 347 1031 nostra
361 989 447 1044 elogium
460 990 482 1030 in
496 988 585 1043 Epistola
601 988 626 1029 ad
641 988 732 1030 Carolum
751 989 865 1043 Magnum„
902 990 975 1035 “Quid

204 1048 302 1089 Iberniam
310 1059 414 1086 memorem
423 1048 535 1099 contempto
544 1043 609 1098 pelagi
622 1043 731 1085 discrimine
740 1049 800 1085 totam
810 1059 855 1085 eum
865 1060 922 1099 grege
931 1045 974 1099 phi-

203 1102 327 1156 losophorum
337 1100 361 1141 ad
369 1101 436 1141 littora
444 1102 510 1140 nostra
520 1100 640 1152 migrantem,
651 1113 734 1152 quorum
741 1100 822 1153 quisque
831 1102 909 1154 peritior
923 1100 975 1141 ultro

203 1157 240 1198 sibi
248 1156 318 1197 indicit
327 1155 405 1196 exilium
413 1154 436 1195 ?'’
465 1154 526 1195 Jonas
535 1154 602 1195 Abbas
616 1155 643 1195 ita
656 1158 739 1195 testatur
750 1155 771 1194 in
780 1156 820 1195 vita
830 1156 850 1196 S.
860 1156 976 1196 Columbani

203 1212 278 1253 “Gens
293 1215 323 1252 est
339 1224 448 1265 quanquam
465 1209 537 1263 absque
551 1209 668 1263 reliquarum
684 1209 772 1263 gentium
787 1209 869 1263 legibus,
879 1212 975 1251 tamenin

203 1267 307 1309 Christiani
316 1266 388 1320 uigoris
398 1266 488 1320 dogmate
497 1265 578 1306 florens:
594 1266 681 1306 omnium
694 1265 801 1306 vicinarum
815 1267 903 1318 gentium
916 1266 975 1306 fidem

201 1322 322 1377 praepolle.⁷'
351 1320 706 1374 MarimusScotusinChronologia.
736 1320 974 1362 “IberniainsulaSanc-

201 1379 234 1428 tis,
251 1381 271 1419 et
286 1375 406 1418 mirabilibus
422 1376 468 1417 viris
483 1376 604 1429 perplurimis
618 1375 675 1430 plena
688 1374 789 1417 hahetur.'²
819 1376 974 1418 arausicae.

204 1433 289 1474 “Scotia
299 1446 342 1486 qaae
351 1435 370 1471 et
379 1431 458 1473 Ibemia
468 1430 539 1471 dieitur
553 1430 622 1471 fertilis
636 1435 745 1472 sanctorum
762 1431 825 1472 insula
841 1435 861 1471 et
877 1431 975 1473 stellarum

202 1502 306 1529 numerum
320 1501 380 1540 prope
390 1501 468 1541 aequans
480 1486 590 1540 patrociniis
608 1490 723 1536 sanctorum,
737 1486 759 1526 in
768 1487 878 1527 multorum
895 1487 976 1527 salutem

202 1543 295 1597 produxit
305 1542 413 1583 Wironem.
442 1542 558 1582 “Baronius
568 1541 664 1594 quoque,’'
675 1555 732 1582 anno.
744 1543 805 1592 1033,
814 1542 842 1582 N.
853 1544 887 1582 48.
913 1542 976 1583 “um

202 1598 267 1654 perid
280 1607 358 1650 tempus
371 1598 393 1637 in
402 1596 481 1638 Ibernio
490 1596 599 1646 ArdericuS,
610 1597 642 1649 qui
656 1610 746 1649 magnam
757 1597 780 1637 de
789 1612 809 1638 se
819 1597 925 1638 sanctitatis
934 1597 975 1651 opi-

203 1655 280 1695 nionem
296 1653 431 1693 concitaverat.
460 1651 501 1691 Ubi
517 1655 604 1704 repertus
621 1655 649 1691 est
666 1667 677 1692 a
690 1652 802 1704 receptisin
811 1652 898 1693 Ecclesia
906 1653 976 1693 ritibus

202 1708 309 1756 dissentire,
319 1706 343 1748 ab
353 1707 416 1747 insola
425 1706 546 1747 tenacissima
554 1706 657 1747 Catholicae
665 1706 711 1747 fidei
720 1707 792 1760 ejectus
802 1707 851 1749 est.'’
873 1708 975 1749 Theoderi-

202 1764 249 1805 cus'’
257 1764 277 1804 in
284 1763 323 1803 vlta
331 1762 350 1802 S.
358 1761 467 1802 Romualdi.
486 1761 567 1801 “Insula
574 1762 624 1801 siout
634 1762 686 1802 omni
693 1766 786 1803 terrarum
793 1762 855 1816 glebae
862 1763 975 1813 foecundior,

201 1821 229 1859 ita
237 1822 346 1859 sanctorum
356 1817 440 1870 gloriosa
447 1816 569 1870 simplicitate
576 1815 670 1857 beatior?
694 1816 810 1858 Trithemius
819 1818 854 1858 lib.
865 1820 885 1859 d.
896 1818 919 1859 de
929 1820 975 1859 viris

202 1873 320 1923 Illustribus,
331 1887 347 1913 c.
359 1874 406 1914 172⁶
436 1871 538 1912 “Sanctus
547 1870 638 1912 Kilianus
648 1871 758 1912 Monachus
772 1872 858 1914 Huens'is
867 1874 888 1914 in
898 1873 975 1914 Ibernia

203 1938 222 1970 et
231 1929 339 1983 Episcopus
350 1926 496 1981 Hiperbolensis
505 1926 528 1967 in
536 1926 649 1976 Franconia,
661 1927 688 1967 rir
699 1927 767 1968 doctus
777 1933 796 1968 et
806 1928 894 1979 Sanetus,
905 1929 974 1983 praedi-

202 1990 255 2025 cator
270 1983 325 2024 verbi
340 1982 378 2023 Dei
396 1982 482 2031 eximius,
497 1982 576 2022 ueniens
592 1981 616 2022 de
629 1981 693 2023 Scotia
709 1983 730 2023 in
741 1982 862 2024 Germaniam
872 1989 975 2039 postquam

202 2040 274 2081 multos
284 2053 320 2079 sua
329 2037 459 2091 predicatione
469 2037 565 2077 convertit
574 2037 598 2077 ad
612 2036 675 2087 fidem,
684 2039 774 2091 martyrio
783 2039 899 2089 rubricatas,
909 2055 974 2080 ascen-

202 2097 231 2136 dit
248 2095 272 2135 ad
288 2094 357 2134 eaelum
374 2094 432 2133 Anno
448 2092 534 2132 Domini.
553 2092 614 2142 680?
635 2092 690 2133 Idem
707 2093 753 2134 alibi
767 2094 790 2134 de
804 2094 850 2135 viris
864 2095 903 2135 illis
912 2095 975 2135 tribus

202 2150 275 2191 ordinis
294 2149 315 2189 S.
332 2147 427 2188 Bemardi
444 2148 591 2188 “Adamnanus
610 2146 676 2187 Abbas
690 2147 811 2198 Monosterii,
832 2149 884 2203 quod
902 2150 975 2191 Beatus

202 2206 278 2254 Colum,
289 2203 336 2244 olim
349 2202 444 2243 ininsula
454 2202 490 2242 Hn
499 2202 589 2243 fundavit
598 2202 620 2242 in
629 2202 713 2251 Ibernia,
723 2204 753 2243 rir
770 2203 845 2254 doctus,
859 2208 878 2245 et
890 2209 974 2254 sauctae,

202 2267 222 2302 et
231 2265 285 2314 pater
301 2258 409 2298 multorum
423 2258 563 2298 monachorum
572 2258 619 2307 vita,
633 2257 768 2310 praedieatione
783 2259 901 2300 sanctissima
914 2261 975 2314 pluri-

202 2331 253 2357 mam
270 2318 345 2369 partem
357 2312 461 2353 Scotomm
476 2313 497 2352 in
507 2312 585 2352 Ibernia
599 2316 619 2352 et
629 2314 686 2352 etiam
695 2312 800 2353 Britonum
809 2314 831 2354 in
840 2313 940 2357 Britannia
950 2315 975 2356 ad

203 2372 289 2412 debitum
299 2368 395 2422 paschalis
405 2366 520 2408 celebritatis
530 2371 607 2420 tempus
616 2367 712 2407 redunt?
741 2368 832 2418 Badara
842 2369 975 2412 Ecclesiastica
1034 2371 1036 2374 ’

202 2427 287 2474 historia,
298 2424 332 2465 lib.
344 2423 378 2464 3.¹’
408 2422 484 2462 “Idem
499 2436 545 2476 ergo
561 2422 661 2463 Osrraldus
677 2437 729 2472 mox,
745 2423 779 2464 nbi
792 2439 875 2478 regnum
891 2427 975 2480 suscepit

203 2482 314 2523 desiderans
323 2483 385 2519 totam
395 2478 427 2519 eoi
436 2492 517 2531 praesse
527 2478 583 2531 caepit
597 2481 681 2531 gentem,
691 2478 737 2518 fidei
747 2478 859 2521 Christianae
869 2483 930 2534 gratia
939 2483 975 2521 im-

202 2538 243 2587 bui,
253 2537 308 2590 cujus
318 2535 448 2587 experimenta
457 2534 540 2574 maxima
552 2534 573 2573 in
588 2533 721 2586 expugnandis
732 2533 814 2575 barbaris
824 2539 912 2590 coeperat,
923 2537 976 2577 misit-

204 2594 228 2634 ad
237 2592 318 2645 majores
334 2593 381 2630 natu
395 2589 497 2628 Scotorum
513 2589 564 2629 inter
580 2602 629 2641 quos
644 2588 723 2628 exulans
733 2589 774 2642 ipse
783 2589 904 2644 baptismatis
914 2607 974 2633 sacra-

203 2645 368 2693 manaremus,
379 2645 486 2696 quiseeum
504 2647 554 2693 erat,
567 2642 668 2692 militibus,
685 2648 798 2684 consecutus
815 2652 862 2695 erat,
877 2651 943 2700 petens
953 2651 976 2688 nt

204 2703 241 2743 sibi
250 2702 357 2742 mitteretur
367 2700 461 2749 Antistes,
478 2699 533 2754 eujus
544 2698 631 2740 doctrina
641 2702 659 2738 et
669 2698 780 2749 ministerio,
791 2714 844 2753 gens,
856 2715 913 2754 quam
921 2716 975 2756 rege-

204 2758 238 2799 bat
248 2756 362 2809 Anglorum‚
380 2754 488 2795 Dominica
497 2754 551 2804 fidei,
562 2757 581 2794 et
598 2753 649 2793 dona
661 2752 743 2793 disceret
760 2758 778 2794 et
795 2756 900 2808 susciperet
915 2772 975 2798 sacra-

203 2816 275 2853 menta.
297 2810 339 2850 Nee
350 2809 448 2863 aliquanto
458 2810 539 2859 tardius,
550 2808 603 2862 quod
612 2808 669 2861 petiit
677 2808 799 2861 impetravit:
808 2811 884 2864 >acecpit
892 2826 975 2866 namque

202 2867 315 2922 pontificem
324 2865 428 2914 Aidanum,
439 2879 520 2906 summae
529 2863 684 2905 mansuetudinis
694 2867 714 2903 et
724 2864 800 2917 pietatis
808 2879 829 2905 ac
839 2866 975 2909 moderaminis

203 2926 272 2971 virum,
283 2919 422 2972 habentemque
442 2920 504 2960 nalum
516 2919 575 2960 Dae>
605 2918 656 2958 Item
671 2919 732 2971 eapite
750 2924 841 2973 sequente
856 2922 975 2976 “Siquidem

203 2993 254 3020 anno
270 2974 410 3019 Inearnationis
424 2974 538 3024 Dominicae,
556 2974 709 3028 quingentesimo
726 2976 842 3030 sexagesimo
853 2979 926 3031 quinto,
937 2994 975 3034 quo
