2237 3535
257 424 296 462 226
399 426 533 463 o'sumnvam
542 434 644 462 nrsrounu
655 434 784 473 carnosiora,
793 435 840 464 ron.
850 434 883 462 111.
934 421 984 474 [nna.
1000 434 1029 462 vr.

256 533 343 573 terrestri
370 532 435 586 praelio
464 531 599 584 opprimerent.
635 530 705 570 Adfuit
733 533 803 576 etiam,
819 530 920 572 O’Driscol
944 530 1029 584 Magnus

257 602 302 628 cum
326 587 414 628 Corneho
443 586 488 634 filio,
516 589 535 624 et
564 584 613 633 aliis,
638 583 818 637 O'Donnobhanus,
843 591 862 628 et
885 586 958 640 equites
983 586 1029 627 Mae

257 642 341 683 Carrhae.
371 641 459 685 Quorum
475 640 559 680 adventu
575 639 652 692 Anglus
668 639 747 681 territus
765 656 785 682 se
801 642 883 683 navibus
899 641 992 690 continet,
1010 645 1029 682 et

258 697 341 738 aniaur
349 697 411 744 iaetus,
422 698 441 735 et
451 695 574 735 confirmatus
583 694 684 734 tormentis
702 709 726 734 ex
734 696 815 737 navibus
826 697 916 751 expositis
926 696 1029 749 Anglicam

257 752 335 793 classem
347 750 428 791 biduum
438 748 529 790 acerrime
547 752 653 803 oppugnat.
683 748 723 790 Hic
732 750 790 803 igniti
799 750 853 803 globi
862 751 1028 793 vehementissimo

258 806 354 859 sulphuris
370 805 445 858 impetu
465 804 513 857 jacti
529 804 637 857 Anglorum
654 818 712 844 naves
730 819 741 845 a
756 807 813 858 prort
829 806 854 846 arl
870 807 951 861 puppim
967 819 1029 859 usque

256 860 391 909 transfodiunt,
402 859 495 909 homines,
506 862 525 899 et
535 859 609 899 tabulas
619 859 639 898 in
650 873 700 899 mare
709 859 844 912 propellentes.
873 862 965 903 Praetoria
974 862 1029 902 navis

256 915 322 956 multis
343 916 444 955 tormentis
468 918 557 968 quassata
580 913 675 967 praecipue
699 914 826 955 conflictatur.
870 916 896 956 ln
919 931 941 957 ea
966 917 1028 971 primo

255 970 355 1011 Zubiauris
370 970 528 1024 jactu-homines
541 970 647 1021 sexaginta,
664 969 697 1023 qui
713 969 785 1010 mensis
802 969 955 1021 discumbebant,
967 971 1028 1012 entin-

254 1031 347 1079 guuntur.
378 1024 506 1078 sequentihus
517 1025 574 1064 etiam
590 1023 660 1064 ictibus
675 1024 752 1073 milites,
764 1029 783 1065 et
792 1028 857 1065 uautae
865 1027 937 1078 passim
949 1027 1027 1067 cadunt.

255 1080 286 1121 Ob
295 1081 316 1121 id
325 1081 346 1120 in
357 1094 398 1121 eam
409 1094 432 1120 en
441 1079 520 1132 reliquis
528 1078 609 1119 navibus
613 1078 685 1119 milites
696 1079 781 1119 subsirlio
792 1080 898 1121 confluunt.
908 1081 937 1121 Ea
946 1081 1028 1134 denique

254 1134 303 1190 pene
314 1150 410 1190 oppressa,
421 1138 440 1175 et
457 1134 536 1187 reliqua
551 1133 636 1174 turhaca
646 1134 709 1174 scissis
718 1133 804 1184 funibus,
814 1135 902 1175 anchoris
912 1135 983 1176 relictis
997 1136 1027 1176 iu-

253 1205 298 1244 gam
308 1192 388 1245 capiunt
397 1189 481 1230 seeundo
491 1192 549 1229 vento
559 1189 626 1229 leviter
636 1189 721 1238 inflante,
733 1189 804 1243 quippe
815 1203 858 1243 quae
868 1189 945 1230 adverso
957 1195 1027 1231 coactae

252 1245 320 1286 tandiu
336 1245 466 1286 morabantur.
497 1244 527 1284 Eo
543 1244 609 1298 praeiio
625 1244 769 1285 succubuerunt
784 1244 846 1297 Angli
862 1244 965 1298 quingenti
984 1260 1026 1299 sep-

252 1302 341 1354 tuaginta
350 1301 441 1355 quinque.
471 1298 502 1339 nx
512 1299 616 1339 Catholicis
625 1313 676 1339 unus
685 1299 800 1339 interficitur
809 1299 909 1353 Hispanus
924 1300 1026 1341 aniauris

252 1356 413 1409 consanguineus,
424 1355 462 1395 cluo
478 1354 604 1395 vulnerantur
615 1354 661 1394 alter
671 1354 772 1407 Hispanus
782 1355 829 1395 alter
839 1355 945 1396 lhernus.i
973 1356 1026 1396 Hinc

251 1411 365 1465 Dermpsius
381 1410 521 1451 O'Sullevanus
537 1413 591 1462 pater
606 1422 660 1448 meus
676 1409 763 1450 Vascum
778 1410 905 1451 Sahaverlram
915 1411 1027 1465 Hispanum

252 1467 318 1507 ducem
330 1480 375 1507 cum
385 1466 425 1519 ejus
441 1464 520 1505 cohorte
536 1465 614 1513 (lucens,
625 1464 690 1517 eisque
704 1468 838 1514 commeatum,
849 1469 869 1506 et
882 1466 971 1519 jumenta
980 1480 1026 1519 sup-

250 1521 345 1575 peditans,
355 1519 465 1561 Dumheam
475 1520 533 1560 etiam
546 1519 622 1559 Bearrae
637 1519 755 1572 principatus
764 1520 871 1573 principem
880 1535 942 1562 arcem
953 1525 972 1562 et
981 1535 1025 1575 por-

252 1582 293 1616 tum
305 1576 429 1617 O'Sullevani
436 1576 493 1628 jussu
510 1574 589 1622 tradit,†
606 1578 626 1613 et
635 1588 709 1613 menses
719 1574 793 1614 circiter
802 1575 851 1615 dnos
861 1576 933 1617 vietum
943 1576 982 1625 dat,
994 1590 1025 1615 eo-

252 1632 334 1685 demque
354 1630 513 1677 machinanienta,
525 1629 592 1682 globos
611 1642 680 1677 aeneos
700 1629 794 1669 nitratum
813 1630 900 1683 sulphur,
915 1631 1024 1685 plumbum,

251 1686 396 1727 bombardicuin
406 1684 478 1732 funem,
490 1688 606 1736 caeterasque
615 1684 731 1723 munitiones
741 1683 803 1724 missis
810 1685 971 1726 Portucastellum
977 1686 1025 1740 pha-

250 1741 301 1781 sellis
310 1741 355 1781 vehi
364 1740 416 1788 facit,
427 1739 480 1779 utin
489 1738 544 1778 illum
554 1741 638 1792 portum,
654 1738 687 1792 qui
702 1741 763 1786 tutus,
774 1743 793 1778 et
802 1739 876 1780 celeber
886 1745 920 1790 est,
931 1740 1025 1794 Hispanis

249 1796 330 1836 navibus
340 1795 404 1836 aditus
414 1797 493 1847 pateret,
504 1797 524 1833 et
533 1807 555 1833 eo
565 1793 644 1845 hostiles
653 1792 806 1846 prohiberentur.
836 1794 938 1836 O'Driscol
948 1808 1025 1849 quoque

248 1851 359 1905 praesidium
369 1849 480 1902 Hispanum
489 1849 598 1901 inportuni
613 1861 674 1897 snum,
685 1850 705 1887 et
722 1847 821 1888 castellum
831 1849 904 1891 adrem
921 1851 1024 1904 gerendam

250 1910 383 1960 opportunum
392 1904 480 1954 intulitss

579 2175 638 2215 CAP.
653 2174 691 2215 lX.

381 2305 435 2349 Apud
444 2305 558 2339 Keansaliam
568 2305 656 2338 Catholici
665 2306 768 2339 infoeliciter
776 2316 812 2338 rem
821 2309 889 2349 gerunt.

247 2435 391 2482 O'Dounnnns,
403 2438 421 2473 et
431 2435 472 2487 ejus
483 2433 529 2474 socii
539 2433 662 2484 O’Ruarhus,
681 2434 727 2474 llac
744 2433 856 2483 Diannarla,
873 2433 919 2474 Mac
929 2434 1022 2474 Suiuuins

246 2491 347 2538 Tuethius,
359 2488 457 2538 O'Keailu,
469 2489 596 2542 Raymundus
606 2489 662 2539 Baro,
671 2489 792 2537 Rothericus,
803 2493 822 2528 et
832 2489 938 2542 Capharius
947 2489 1022 2539 fratres,

246 2545 322 2594 Daniel,
334 2544 466 2584 O’Conchuris
477 2545 561 2597 Shgachi
570 2544 635 2593 frater,
646 2543 755 2584 Gulielmus
769 2542 853 2593 Burlrus,
869 2544 979 2598 Raymundi
989 2544 1021 2584 ba-

245 2601 297 2641 ronis
314 2602 373 2640 irater
389 2599 426 2639 tria
441 2598 526 2639 militum
541 2599 608 2650 millia,
626 2612 709 2653 quorum
725 2597 798 2650 equites
816 2599 951 2653 quadringenti
961 2603 1021 2650 erant,

265 2755 272 2771 '⁶
282 2753 321 2787 The
330 2753 401 2786 version
410 2752 430 2785 of
435 2751 466 2784 the
474 2751 547 2797 landing
555 2751 576 2785 of
582 2751 612 2784 the
621 2748 716 2794 Spaniards
724 2749 759 2783 and
766 2749 796 2784 the
804 2750 863 2784 action
872 2754 890 2783 at
899 2750 1021 2790 Gastlehaven,

243 2799 261 2831 in
269 2798 299 2831 the
308 2799 376 2832 Pacata
384 2796 478 2837 Hibernia,
487 2809 503 2841 p.
512 2799 553 2836 403,
561 2807 623 2842 agrees
637 2795 656 2828 in
670 2805 719 2828 some
732 2806 774 2838 very
787 2796 855 2829 minute
863 2795 969 2839 particulars
977 2796 1021 2829 with

243 2844 274 2877 the
282 2848 327 2882 text,
339 2843 378 2881 but,
387 2842 408 2875 of
418 2852 487 2881 course,
496 2842 554 2875 denies
562 2842 593 2875 the
602 2839 678 2884 English
686 2839 726 2880 loss,
735 2840 770 2873 and
777 2841 838 2874 elaims
847 2852 857 2874 a
865 2840 939 2885 victory.

267 2888 359 2922 tPaeata
367 2887 459 2926 Hibernia,
468 2898 486 2931 p.
495 2889 536 2920 401,
561 2887 595 2920 See
604 2885 649 2924 ibid,
664 2895 686 2928 ps
693 2886 733 2924 408,
741 2885 826 2920 Donatd’s
834 2886 894 2927 letter,
901 2885 1021 2930 transferring

243 2934 270 2966 his
279 2934 374 2978 allegiance
382 2937 401 2965 to
410 2932 439 2965 the
448 2932 491 2975 king
500 2931 521 2964 of
531 2931 592 2976 Spain.

267 2978 276 3020 ss
289 2977 357 3011 Pacata
364 2977 456 3016 Hibernia,
465 2988 482 3020 p,
492 2978 533 3009 400.
