2237 3535
98 434 142 462 cnr.
152 420 190 473 rr]
315 432 341 461 on
356 434 419 462 nunno
434 432 552 466 quinorum
567 429 676 459 sunnenn-

425 734 482 775 UAP.
497 733 537 773 IV.

144 888 239 923 Urmonius
247 890 309 924 Comes
318 902 328 924 e
336 890 385 925 Lisia
392 890 490 934 repellitur,
499 894 518 923 et
526 889 581 923 Huon
588 887 685 923 Catholicis
694 886 760 922 auxilio
768 885 823 921 venit.

97 1039 215 1085 Uruuuuun
231 1043 343 1096 periculum,
361 1051 380 1082 et
396 1042 521 1095 Lageuieusis
537 1046 608 1091 motus,
623 1047 642 1082 et
658 1041 749 1083 Portmcr
763 1056 798 1082 arx
817 1056 869 1082 com

96 1101 169 1137 meatus
185 1098 250 1151 iuopia
266 1098 354 1138 laborans
370 1101 439 1151 praeter
455 1102 523 1137 ceetera
538 1096 670 1137 Elisabetham
686 1097 765 1151 Angliee
781 1098 868 1150 reginam

96 1151 183 1204 angebat,
195 1166 237 1206 quae
247 1152 312 1193 sedulo
323 1153 368 1201 suis,
377 1157 399 1192 ut
405 1152 483 1204 utrique
490 1151 559 1191 damno
567 1158 612 1192 eant
619 1152 700 1201 obviam,
709 1158 729 1192 et
735 1151 867 1205 Lageniomm

97 1206 202 1247 tumultruu
217 1212 291 1261 pacent,
306 1213 326 1248 et
340 1207 435 1247 Portmori
445 1206 564 1246 munimento
579 1206 685 1247 subsidium
700 1208 768 1255 ferant,
778 1208 867 1260 imperat.

94 1261 127 1301 Ad
136 1262 156 1301 id
166 1276 189 1301 ex
198 1262 270 1316 Anglia
279 1266 356 1315 tyrones
365 1262 469 1301 mittuntur
478 1278 482 1300 ι
497 1261 608 1312 praesidiarii
620 1265 722 1302 evocantur
731 1279 735 1302 :
751 1261 867 1302 lberuorum

93 1316 239 1369 provincialium
255 1317 339 1357 delectus
354 1316 447 1356 habetur:
463 1315 556 1368 equitum,
574 1319 594 1354 et
608 1316 695 1368 peditum
712 1317 774 1356 omnis
792 1317 867 1369 generis

94 1370 153 1411 millia
163 1372 238 1412 circiter
247 1375 291 1411 octo
305 1375 407 1423 coguntur.
436 1369 506 1417 Eriis,
518 1370 551 1422 qui
560 1369 591 1409 vel
610 1371 662 1411 senio
673 1370 761 1419 confecti,
772 1371 802 1411 vel
812 1375 868 1411 aetate

94 1426 191 1466 immaturi
200 1425 303 1479 praeliando
313 1425 379 1465 idonei
388 1423 494 1472 videantur,
505 1423 635 1464 dimittuntur.
650 1425 710 1478 Angli
719 1429 797 1479 tyrones
806 1439 869 1479 nuper

94 1482 150 1520 acciti
159 1481 180 1519 in
187 1480 281 1534 praesidiis
291 1479 415 1519 collocantur.
444 1478 476 1518 Ex
485 1482 596 1519 caeterorum
607 1493 686 1519 numero
694 1479 767 1528 iberni,
778 1484 798 1520 et
808 1480 868 1533 Angli

94 1535 168 1588 pedites
177 1540 244 1587 quater
259 1534 317 1583 mille,
328 1538 348 1573 et
365 1533 471 1587 quingenti,
481 1536 501 1573 et
517 1534 590 1586 equites
601 1534 702 1588 quingenti
718 1534 793 1583 robore,
803 1535 869 1588 reique

93 1589 180 1629 militaris
191 1589 258 1642 peritia
274 1589 329 1629 electi
339 1589 363 1628 ad
373 1587 507 1642 opitulandum
521 1588 617 1628 Portmori
626 1589 752 1630 destinentur.
781 1590 813 1631 Ex
822 1604 868 1631 aur-

92 1644 179 1684 iliaribus
189 1643 271 1693 lberuis,
281 1644 386 1697 paucisque
395 1642 487 1683 militibus
495 1642 604 1696 legionariis
610 1643 692 1693 lberuis,
703 1649 722 1685 et
732 1645 802 1698 Anglis
809 1644 868 1685 millia

94 1699 139 1748 duo,
151 1713 232 1752 quorum
249 1703 303 1739 erant
320 1699 393 1751 equites
402 1698 464 1751 pauci,
474 1697 500 1738 ad
508 1698 638 1751 Lagenienses
647 1703 711 1739 motus
721 1700 868 1753 supprimendos

93 1754 188 1794 Urmonio
199 1754 270 1795 Comiti
280 1753 416 1794 attribuuntur.
447 1753 523 1796 Quibus
533 1753 584 1793 haud
595 1753 813 1804 dubitabatUrmonius,
820 1755 868 1808 quin

94 1809 191 1863 subigeret
207 1809 286 1858 Lisiam
297 1814 316 1850 et
326 1823 392 1848 onmes
408 1807 499 1861 Lageniae
515 1813 579 1848 motus
593 1813 676 1861 pacaret.
704 1809 783 1859 Lisiam,
798 1811 819 1850 in
830 1823 868 1863 qua

93 1864 138 1918 plus
148 1879 188 1905 esse
197 1865 272 1918 negocii
278 1863 384 1913 ridebatur,
395 1863 478 1916 primum
488 1863 621 1916 aggrediturffi
649 1865 759 1905 Bernardus
768 1865 867 1912 Otrous,

94 1920 128 1972 qui
144 1919 217 1973 pedites
232 1923 307 1959 tantum
323 1923 418 1958 trecentos
434 1917 523 1967 habebat,
533 1919 554 1958 in
564 1919 643 1959 summis
652 1934 716 1960 rerum
726 1921 819 1973 angustiis
829 1919 867 1960 Ur-

28 2007 30 2011 i
93 1976 180 2015 monium
191 1989 236 2015 auso
246 1974 346 2027 prohibere
356 1972 434 2013 minime
444 1976 551 2022 cunctatur,
561 1973 652 2014 itiuerum
662 1975 760 2027 angustius
770 1975 866 2015 obsidens.

93 2029 120 2069 lu
128 2030 183 2070 illum
192 2029 298 2069 Urmouius
307 2028 368 2069 mittit
384 2027 456 2080 pedites
465 2027 518 2068 mille
527 2027 613 2077 lberuos,
625 2033 643 2068 et
652 2029 728 2082 Anglos
737 2029 793 2070 Duce
802 2030 816 2069 J
817 2030 867 2070 aimo

93 2084 182 2125 Buttlero
199 2088 269 2138 nepote
284 2099 319 2124 suo
332 2098 355 2124 ex
371 2083 428 2122 fratre
437 2082 534 2122 Eduardo.
562 2083 671 2123 Beruardus
681 2083 718 2124 loci
728 2088 796 2124 nutura
806 2086 867 2125 fretus

94 2140 175 2191 praeliari
190 2154 230 2180 nou
247 2139 328 2179 dubitat.
358 2138 371 2177 J
372 2138 431 2178 aimus
446 2137 505 2191 copiis
519 2137 540 2177 in
550 2138 597 2177 duas
607 2143 669 2191 partes
680 2139 745 2179 divisis
754 2139 809 2180 illum
819 2139 866 2181 edit.

94 2194 152 2235 Unde
161 2194 271 2235 Bernardus
282 2193 434 2234 commoditatem
444 2191 482 2232 loci
495 2192 579 2232 deserere
589 2197 671 2241 coactus,
682 2208 726 2233 cum
737 2193 795 2234 altere
804 2200 866 2248 parte,

93 2249 114 2288 in
125 2249 247 2302 quadrimus
264 2253 310 2299 eret,
325 2249 347 2289 in
363 2247 419 2301 pleno
436 2247 546 2297 missilibus,
562 2247 644 2288 maxime
658 2248 785 2289 bombardiois
799 2249 866 2303 pilulis

95 2303 178 2353 dimicat,
189 2310 209 2345 et
218 2304 283 2358 pilulee
290 2305 345 2358 jactu
354 2302 464 2343 vulneratus
479 2303 540 2355 magis
555 2302 619 2343 animo
634 2317 730 2353 accensus,
748 2304 807 2356 qutun
816 2306 865 2345 frac-

93 2363 132 2408 tus,
143 2373 187 2399 suos
203 2360 314 2399 cohortatus
331 2358 392 2399 acrius
407 2361 487 2410 pugnet.
517 2357 592 2397 Jaimus
609 2357 680 2411 duplici
695 2358 786 2412 plumbea
795 2359 866 2412 glande

95 2414 186 2467 trajectus
196 2415 225 2454 vir
230 2414 323 2467 religione
330 2413 445 2460 Catholicus,
456 2416 474 2451 et
484 2425 553 2465 genere
562 2412 624 2452 clarus
633 2428 668 2467 pro
678 2413 865 2467 heereticispreelians

94 2468 198 2509 miserrime
207 2469 283 2522 perivit.
313 2468 358 2513 Quo
367 2467 465 2508 interfecto
473 2467 537 2507 oaeteri
546 2471 600 2520 terga
610 2473 692 2508 vertunt.
712 2469 739 2508 Et
749 2469 808 2509 altere
818 2483 866 2523 quo-

94 2537 132 2577 que
142 2525 238 2577 copiarum
248 2538 292 2577 pars
302 2524 373 2565 auxilio
389 2522 465 2563 veniens
478 2521 573 2561 funditur.
602 2522 706 2576 Fugientes
715 2524 827 2565 Bernartius
837 2539 866 2565 se-

94 2584 151 2620 cutus
165 2584 248 2633 stragem
263 2580 370 2620 multorum
386 2577 450 2626 edidit,
461 2575 589 2630 majoremque
604 2577 685 2626 fecisset,
699 2579 737 2618 nisi
752 2577 866 2630 Urmonius,

93 2758 129 2790 aud
137 2760 169 2791 100
177 2758 229 2791 horse
239 2757 316 2800 (ware),
324 2755 370 2789 after
379 2753 450 2797 lending
457 2753 475 2785 in
486 2750 594 2789 Waterford,
605 2751 661 2784 under
669 2751 699 2784 the
707 2753 801 2786 commend
810 2754 831 2788 of
837 2754 868 2788 Sir

94 2802 176 2836 Richard
183 2803 271 2848 Binghem
279 2802 314 2835 and
324 2801 353 2834 Sir
362 2799 430 2835 Samuel
438 2797 519 2848 Baguall,
528 2807 573 2829 were
580 2795 664 2830 haressed
672 2797 707 2830 and
718 2797 797 2832 reduced
806 2811 829 2833 on
837 2801 867 2834 the

94 2848 155 2880 march
163 2853 182 2881 to
191 2848 264 2882 Dublin.
288 2847 331 2887 (lox,
339 2858 357 2891 p.
367 2848 407 2888 415,
415 2846 463 2888 gires
470 2854 481 2875 a
489 2841 570 2874 drfferent
578 2846 653 2874 account
661 2841 682 2874 of
690 2842 726 2876 this
739 2845 841 2887 expedition
849 2846 870 2879 of

94 2891 191 2976 Blgldiiire,
202 2937 326 2972 159S.-Four
334 2936 416 2973 Masters,
425 2945 442 2978 p.
452 2931 503 2970 2057,
511 2930 607 2972 Ῑιῦῐῐῑῦἑῑῖἆ,
615 2942 632 2975 Ρ»
640 2934 681 2971 4⁰3>
689 2932 728 2967 who
738 2933 762 2967 all
775 2946 830 2980 agree
839 2947 868 2970 ex-

95 2985 135 3024 cept
143 2982 160 3013 in
169 2982 224 3027 slight
233 2982 300 3016 details.
