2237 3535
189 391 228 431 126
329 393 463 435 o'suannraur
476 406 579 435 nrsroarn
594 406 722 444 cinnamon,
732 408 781 436 ron.
792 408 815 435 n.
876 394 928 447 [nra.
939 408 968 436 rr.

188 498 232 539 11110
241 498 311 539 ultimo
321 498 416 552 supplicio
432 497 512 538 afficere.
541 497 604 537 Veriti
617 500 688 546 autem,
702 511 728 537 ne
737 499 820 552 populus
830 499 854 540 ad
863 497 970 539 tumultum

190 554 326 602 concitaretur,
337 556 394 605 atque
404 556 502 605 pastorem
511 553 523 593 a
532 566 578 593 nece
588 551 676 605 eriperet,
687 551 704 591 si
713 553 778 604 palam
788 554 899 608 uiribusque
909 552 969 594 scien-

189 608 243 649 tibus
257 611 306 649 esset
319 606 469 658 interficiendus
486 622 566 648 suorum
580 606 671 655 mihtum,
686 609 820 661 tortorumque
837 610 917 650 sentinae
933 608 969 648 im-

190 668 264 718 perant,
275 665 297 701 ut
306 661 421 703 Antistitem
430 677 505 703 summo
515 677 571 703 mane
581 665 625 703 ante
635 661 680 702 solis
689 665 785 711 exortunr,
794 664 882 704 nondum
891 662 965 705 civibus

190 716 303 772 experrectis
312 720 367 757 extra
376 717 444 758 urbem
458 731 511 758 carro
522 721 598 758 vectum
608 716 662 757 furca
671 715 797 770 suspendant,
812 717 861 758 Cum
870 720 965 760 11010110-

190 776 228 821 tur,
239 775 364 813 occurrerunt
372 772 402 813 illi
411 786 434 812 ex
448 771 538 812 omnibus
556 771 657 825 oppidanis
672 771 709 811 duo
720 774 803 820 tanturn,
813 776 833 812 et
842 774 916 814 amicus
927 773 970 827 qui-

191 828 234 867 dam
245 827 280 879 qai
289 840 364 867 summa
374 841 419 880 erga
427 839 471 867 eum
481 826 519 867 fide
528 827 597 875 fuerat,
612 827 692 880 ejusque
709 826 826 879 singularem
837 840 903 868 euram
913 827 936 868 ab
947 842 969 868 eo

190 885 283 934 tempore,
291 881 463 935 quofur'tprimum
471 886 545 935 captus,
556 881 743 934 habuerateumque
753 882 875 923 comitantur.
890 883 969 924 Archie-

190 936 281 990 pisoopus
291 936 395 989 antequtm
409 936 430 977 in
444 936 554 991 patibulum
562 936 601 977 luit
611 936 678 985 elatas,
688 936 745 976 amici
755 950 834 977 manum
844 950 879 977 sua
888 937 969 990 prehen-

191 992 245 1040 dens,
256 995 276 1032 et
284 991 360 1032 fortiter
374 992 475 1045 stringens,
485 992 555 1045 palmae
567 990 669 1032 indelebile
685 991 748 1031 crucis
765 993 843 1044 signum
858 991 921 1032 colore
937 1006 970 1033 ru·

190 1045 255 1096 brum,
265 1045 336 1100 pignus
352 1046 411 1087 animi
425 1047 529 1100 gratissimi
544 1060 589 1100 erga
603 1045 717 1086 fidissimum
731 1046 821 1095 amicum,
831 1060 901 1097 ranam,
912 1049 970 1100 atque

191 1105 281 1142 sanctum
295 1102 363 1152 fertur,
378 1101 502 1155 impressisse.
531 1101 587 1142 lllico
604 1101 692 1141 vimineae
708 1100 765 1141 restis
780 1100 848 1154 laqueo
866 1115 970 1155 suspensus

192 1155 247 1196 brevi
264 1157 365 1206 cruciatur,
383 1161 402 1197 et
417 1162 479 1197 morte
496 1157 574 1210 premia
589 1159 662 1197 aeterna
677 1156 699 1195 in
715 1155 761 1196 eaelo
776 1155 814 1195 luit
828 1156 909 1210 adeptus
919 1171 970 1197 anno

192 1210 274 1251 Domini
282 1211 390 1261 millesimo,
401 1212 554 1265 quingentesimo
570 1212 688 1265 octogesimo
698 1213 774 1264 quarto,
785 1213 865 1264 septimo
876 1211 906 1251 die
915 1211 971 1252 Junii

193 1265 287 1308 monster
313 1265 374 1307 Fama
388 1270 424 1316 est,
433 1266 519 1307 nobilem
533 1267 631 1308 laminam
645 1266 657 1305 a
671 1266 721 1306 malo
738 1265 829 1316 daemone,
840 1279 879 1319 quo
889 1267 927 1306 fuit
936 1266 971 1306 diu

193 1320 266 1362 afflicta
275 1335 297 1361 eo
305 1322 328 1362 in
336 1321 386 1371 loco,
397 1335 435 1375 quo
450 1322 563 1375 Dermysius
578 1321 673 1375 supplicio
690 1320 776 1369 affectus,
792 1334 832 1361 esse
846 1321 969 1362 vindicatam.

194 1375 286 1429 Martyris
296 1376 376 1417 cadaver
393 1376 502 1418 Gulielmus
517 1377 621 1417 Simoensis
635 1375 790 1416 Duhhlinnensis
799 1376 845 1416 civis
854 1376 878 1416 ab
889 1390 911 1416 eo
921 1376 970 1426 loeo,

196 1444 235 1484 quo
245 1431 283 1471 fuit
292 1431 381 1472 hereticis
398 1432 502 1486 sepultum,
511 1432 533 1472 in
542 1432 602 1472 alium
619 1431 717 1472 occultum
726 1430 841 1471 translatum
849 1444 898 1471 urna
906 1431 971 1484 lignea

197 1486 298 1526 conditum
316 1486 431 1527 inhumavit.
469 1487 560 1536 Mortem,
585 1490 605 1527 et
628 1485 745 1539 supplicium
764 1484 871 1526 Richardus
889 1486 971 1540 insignis

199 1540 302 1588 Musieust
319 1542 391 1582 fidibus
401 1540 502 1583 celebravit
511 1541 637 1591 lamentabili,
647 1543 705 1595 atque
715 1541 793 1581 funesto
802 1544 855 1591 tono,
867 1541 900 1595 qui
910 1540 971 1582 Slanii

132 1591 190 1634 [¹⁰³1]
199 1595 282 1637 Batonis
292 1595 397 1638 delictum”
408 1597 551 1650 nrrneupatur.tt

522 1903 580 1947 OAP.
595 1903 643 1944 XX.

296 2022 378 2057 (teretius
388 2023 519 2065 Obarenanus,
527 2030 546 2060 et
553 2026 610 2060 Huon
620 2027 757 2063 O'Melkeranus
766 2029 861 2075 Martyres.
886 2022 889 2026 ⁵

195 2134 249 2176 Hinc
258 2134 324 2186 habui,
335 2149 378 2190 quae
388 2137 411 2179 de
420 2138 495 2180 Oasiliae
502 2139 783 2193 Archiepiseopoinrietissimo
790 2142 875 2197 Martyre
882 2143 969 2186 dicerem.

195 2190 290 2232 Pauciora
305 2192 329 2232 de
347 2192 422 2234 Galatia
437 2193 576 2235 O’Oulennano
591 2194 668 2235 Abbate
677 2200 697 2235 et
707 2195 780 2236 Huone
794 2197 931 2240 O’urenaano
941 2215 970 2241 sa-

143 2294 145 2298 .
196 2245 273 2286 cerdote
282 2247 399 2289 memorabo.
428 2248 516 2290 Galatius
526 2249 677 2290 O'Oulennanus
686 2251 725 2291 tuit
734 2251 796 2291 editus
811 2253 906 2294 natalibus
917 2255 970 2296 haud

196 2300 288 2351 obscuras,
305 2301 397 2343 Lovaniae
412 2303 481 2344 litteris
497 2304 584 2345 excultus
594 2304 676 2345 Romam
686 2305 740 2346 adiit.
769 2306 825 2348 Unde
843 2322 930 2350 reversus
947 2310 970 2351 in

195 2355 293 2397 Iberniam
303 2371 375 2398 sacram
385 2358 431 2399 Divi
439 2358 533 2400 Bernardi
540 2359 662 2413 Religionem
667 2360 773 2414 profitetur.
788 2361 899 2404 Virtutibus
908 2366 970 2419 magis

194 2411 258 2452 indies
274 2411 345 2453 florens
355 2416 374 2453 et
383 2413 473 2455 Pontifici
483 2414 576 2465 Maximo,
587 2418 607 2455 et
616 2415 679 2456 ordini
694 2419 761 2456 sancto
771 2416 840 2470 dignus
854 2419 936 2469 videtin,
945 2424 970 2461 ut

194 2465 265 2507 Bulliae
274 2467 342 2508 Abbas
351 2472 431 2510 creetur.
459 2468 517 2510 Brevi
525 2474 570 2524 post
578 2473 646 2524 captus
656 2473 685 2510 est
694 2469 718 2511 ab
729 2471 803 2524 Anglis,
814 2474 847 2527 qui
857 2473 939 2528 Mopoae,
949 2480 969 2516 et

194 2520 242 2561 ahos
258 2535 329 2563 uacuos
344 2523 473 2578 Episcopatus
492 2526 546 2578 regni
561 2524 679 2566 Connachtae
689 2525 719 2565 illi
729 2525 815 2577 offerunt,
830 2528 968 2571 100110Οο1110-

193 2575 231 2616 lica
240 2576 333 2630 religione
348 2578 486 2633 Pontificisque
502 2579 585 2621 Maximi
601 2583 665 2634 partes
681 2580 761 2622 deserat.
789 2583 821 2623 Ad
835 2583 877 2624 haec
893 2584 926 2625 ille
939 2599 968 2626 re-

195 2631 291 2684 spondens
301 2632 402 2684 hereticis,
413 2649 483 2688 magna
490 2639 542 2686 sunt,
549 2634 653 2688 “inquit''
661 2634 762 2689 amplaque
770 2636 915 2688 haecbenefioia,
926 2654 969 2693 quae

194 2686 243 2727 mihi
252 2688 365 2740 proponitis,
377 2690 409 2731 sed
418 2693 441 2731 ut
450 2690 489 2730 illis
504 2691 563 2740 fruar,
580 2689 672 2743 quamdiu
686 2690 756 2732 dabitis
770 2693 833 2734 mihi?
863 2693 968 2747 Quamdiu,

194 2741 286 2795 inquiunt
302 2743 388 2785 haeretici
403 2745 479 2787 vixeris.
514 2745 551 2786 Ille
565 2748 614 2794 tum,
626 2744 711 2797 quandiu
725 2746 793 2802 inquit,
809 2748 857 2788 mihi
866 2748 935 2790 dabitis
945 2755 968 2792 ut

217 2871 225 2887 *
238 2870 333 2915 Martyred
341 2882 364 2903 on
373 2870 463 2915 Stephen's
473 2870 539 2912 Green,
549 2872 585 2906 and
592 2870 656 2904 huried
663 2871 681 2905 in
694 2873 725 2908 the
737 2875 767 2909 old
781 2875 893 2919 churohyard
905 2876 926 2910 of
938 2876 966 2911 St.

195 2913 263 2949 Kevin:
276 2915 370 2956 Analecta,
379 2915 397 2948 ii.
407 2927 425 2960 p.
434 2915 454 2952 71
463 2929 468 2958 ;
482 2917 518 2951 also
528 2917 613 2961 Mooney,
621 2915 660 2950 who
668 2928 706 2963 says
715 2920 754 2954 that
762 2921 776 2954 it
784 2932 818 2954 was
827 2921 845 2954 in
854 2921 902 2965 May,
910 2934 928 2967 p.
937 2924 967 2955 69.

217 2960 227 3002 t
240 2959 314 2994 Neither
323 2960 405 2996 Richard
412 2972 445 2995 nor
454 2961 481 2996 his
490 2963 540 3008 elegy
548 2962 612 2996 known
621 2965 640 2995 te
648 2962 677 2997 the
685 2965 751 3000 editor.
775 2966 808 3001 See
816 2965 908 3001 Analecta.
