2237 3535
41 844 159 944 'neuim
187 884 324 943 ruituri
347 885 546 946 (autmutari
564 883 682 941 rurum
704 881 819 957 itanu,

275 1034 345 1074 TOMI
359 1035 402 1076 III.
423 1034 508 1075 LIBER
522 1033 583 1074 VIII.

228 1149 260 1180 Du
271 1149 345 1182 BELLO
357 1148 492 1188 QUINDEOIM
503 1148 627 1180 ANNORUM.

46 1261 151 1305 Quoncno
160 1261 247 1314 maximis
257 1260 356 1314 praesentis
364 1259 410 1300 beHi
421 1259 503 1299 ducibus
516 1260 566 1300 vires
576 1265 662 1299 contusae
672 1260 711 1298 sint
721 1263 750 1299 est
760 1259 819 1312 expli

45 1321 115 1356 catum.
145 1316 215 1356 Adhuc
224 1315 327 1356 nonnullos
333 1315 434 1355 conflictus
441 1315 490 1354 scitu
496 1329 536 1354 non
542 1314 632 1366 indignus
641 1331 645 1354 :
657 1314 818 1366 quemadmodum

44 1372 122 1424 Angliae
131 1372 198 1424 regina
213 1370 309 1418 defuncta,
321 1370 390 1410 Scotiae
404 1383 438 1409 rex
451 1369 550 1409 Iberniam
559 1368 671 1417 obtinuerit,
682 1374 701 1408 et
710 1383 734 1408 an
743 1370 818 1422 justum

44 1426 116 1466 tetum
126 1426 193 1466 Iberni
202 1425 312 1479 gesserint?
326 1428 348 1463 ut
358 1424 391 1464 hie
400 1427 464 1463 tomus
474 1423 590 1472 absolvatur,
601 1423 700 1463 enarrabo.

380 1725 438 1766 OAP.
454 1725 472 1765 I.

89 1855 179 1887 Adversus
187 1852 245 1896 regios
255 1852 389 1890 O’Suflevanus,
398 1856 415 1884 et
423 1851 465 1884 Mac
474 1849 531 1883 Gnier
539 1850 615 1882 secunde
622 1854 708 1893 pugnant,
717 1853 735 1882 et
743 1850 772 1882 hic

318 1897 434 1940 possessiones
441 1899 541 1938 recuperat.

45 2007 203 2048 O'Snnnnuauus
214 2004 266 2057 apud
276 2004 401 2044 O'Ituarkum
411 2004 450 2044 dies
465 2003 539 2055 aliquot
555 2006 683 2042 commoratus
694 2017 737 2042 cnm
747 2003 817 2044 mitites

44 2077 116 2116 paucos
125 2062 176 2113 fngae
185 2059 275 2112 reliquias
290 2060 393 2108 refecisset,
403 2059 450 2112 ipse,
461 2058 507 2097 Mac
518 2057 615 2109 Guierque
628 2057 725 2097 Richards
739 2058 816 2108 Tirellq

44 2122 102 2170 atque
118 2115 207 2155 trecentis
224 2115 301 2154 armatis
316 2114 407 2162 comitati,
419 2113 451 2153 sed
469 2112 574 2161 calonibus,
585 2115 604 2151 et
613 2112 718 2152 inermibus
728 2113 817 2166 pluribus

45 2171 175 2225 sequentibus,
185 2173 207 2209 ut
217 2183 262 2209 cum
271 2169 354 2210 O’Nello
364 2169 388 2208 de
398 2168 447 2208 bello
460 2166 608 2221 redintegrando
619 2172 684 2220 agant,
694 2168 817 2221 proficiscun-

44 2231 82 2275 tur,
92 2227 129 2265 iter
139 2224 213 2264 difficile
223 2224 353 2278 suscipientes.
371 2224 423 2264 Nam
434 2222 529 2263 O'Nellus
538 2221 622 2262 millibus
632 2236 726 2276 passuum
735 2224 818 2278 amplius

44 2281 133 2331 centumq
146 2279 239 2319 distabat:
249 2279 328 2320 flumina
334 2279 378 2328 tria,
385 2293 427 2332 qnae
434 2283 482 2318 tnnc
487 2277 572 2331 hyberno
581 2281 669 2331 tempore
679 2277 760 2331 pedibus
770 2279 818 2320 adiri
827 2296 886 2339 [Μ]

43 2350 83 2376 non
93 2339 187 2387 poterant,
197 2334 218 2374 in
227 2334 309 2375 Erninrn
318 2334 411 2387 inclytum
420 2333 484 2374 lacum
489 2332 591 2373 influentia
600 2336 654 2373 erant
663 2333 783 2387 trajicienda:
795 2349 818 2374 en

43 2389 199 2443 interjacentibus
214 2389 324 2442 regionibus
340 2393 409 2442 praeter
419 2388 456 2429 alia
467 2388 510 2428 loca
521 2388 574 2428 lacus
583 2391 637 2428 totns
647 2402 691 2428 cum
701 2389 740 2428 suis
749 2389 817 2429 insulis

44 2449 150 2497 caeteraque
160 2445 295 2498 circumjacens
303 2444 346 2484 Mae
355 2444 431 2483 Guieris
438 2443 486 2483 ditio
491 2443 549 2496 regiis
555 2443 648 2496 praesidiis
654 2443 761 2493 tenebatur,
769 2444 817 2484 duce

44 2500 133 2540 Cornelio
148 2499 192 2539 Mac
203 2499 280 2549 Guiere,
298 2502 430 2553 eoguomentO,
447 2498 521 2547 Rubro,
532 2498 578 2538 Mac
588 2498 665 2538 Guien's
682 2499 773 2551 patruele,
784 2500 816 2551 qni

44 2560 107 2607 partes
117 2555 225 2608 Anglorum
235 2559 318 2603 secutus,
326 2559 344 2595 et
354 2570 365 2594 a
375 2568 409 2594 sua
418 2553 501 2593 factione
508 2553 554 2593 Mac
564 2553 624 2593 Guier
634 2557 708 2593 creatus
718 2553 729 2592 a
739 2557 817 2594 caeteros

45 2609 90 2650 Mac
97 2610 156 2650 Gnier
162 2609 273 2662 Angiiensis
280 2609 421 2650 nominabatur:
430 2611 449 2648 et
457 2607 482 2648 ad
487 2608 559 2660 reginae
565 2608 646 2661 gratiam
651 2608 722 2647 multos
728 2607 816 2659 Ibernos,

44 2664 135 2705 mari-me
141 2665 186 2705 Mac
191 2665 285 2706 Guierieae
291 2666 353 2719 gentis
359 2664 457 2712 obaeratos,
462 2667 481 2703 et
487 2663 566 2702 clientes
572 2664 671 2710 convent,
675 2666 787 2704 cumtamen
793 2664 817 2704 ab

45 2720 154 2773 Anglurum
164 2720 230 2760 delusa
246 2721 344 2774 religione,
354 2734 394 2760 non
408 2718 478 2767 minus,
490 2731 548 2770 quam
557 2717 589 2757 aiii
599 2731 680 2770 semper,
690 2716 816 2760 abhorruerit.

46 2773 190 2825 O’Sullevanns,
208 2779 227 2815 et
242 2775 288 2816 Mac
298 2776 357 2816 Guier
373 2773 440 2814 oblatis
450 2773 474 2812 ad
483 2777 551 2812 votum
560 2772 679 2824 pontonibns
688 2772 768 2814 flumina
780 2779 818 2815 tra-

47 2827 127 2869 ducunt.
156 2830 215 2885 Cujus
231 2831 259 2871 rei
275 2832 334 2873 nescii
349 2830 395 2870 Mac
405 2828 465 2868 Guier
480 2826 598 2880 Angliensis,
614 2826 784 2879 O'Meiachinnus,
800 2834 819 2871 et

45 2881 161 2925 Laurentius
178 2886 291 2927 Esmundus
308 2900 351 2927 eum
366 2884 442 2925 armatis
459 2881 569 2936 quingentis
586 2895 612 2922 ex
627 2883 702 2923 stativis
711 2898 746 2936 per
755 2885 819 2925 lacum

45 2935 142 2989 lintribus,
152 2941 273 2996 navigiisque
283 2943 331 2983 vecti
340 2939 425 2981 fluminis
432 2938 496 2979 ultimi
503 2937 572 2978 vadum
579 2937 819 2981 nomineBealtarbertnm
