2237 3535
234 393 280 430 aab
375 392 511 433 o’sumnvanr
520 404 624 432 nrsronnn
635 404 760 442 1111111111,
774 403 822 432 ron.
837 403 871 431 111.
917 390 968 442 [ura.
979 402 1008 429 vr.

236 500 332 541 decimum
343 502 433 555 quintum
449 499 505 547 diem,
518 503 537 540 et
554 499 607 540 brevi
617 499 717 541 Gemellus
727 502 750 543 ab
761 500 869 543 O'Donello
879 500 1007 554 deprehensns

162 554 221 599 [172]
235 555 307 610 laqueo
317 554 480 608 strangulaturlll
496 555 541 595 Alia
551 554 582 595 die
596 554 670 607 pedites
685 556 761 609 Anglos
780 562 824 598 octo
842 557 896 597 Luco
910 555 1007 608 lignatum

237 624 324 664 egressos
333 610 448 651 Rotherieus
458 609 533 650 duobus
550 609 647 663 equitibus
664 610 766 651 comitatus
781 612 866 662 offendit,
877 615 896 652 et
905 624 1007 664 aggressus

238 681 272 706 sex
279 666 376 712 interimit,
387 669 406 704 et
416 678 483 714 unum,
495 665 528 718 qui
543 679 563 705 se
580 679 621 705 esse
630 664 731 705 Britonem
741 666 821 716 dicebat,
833 671 909 721 captum
919 665 1006 705 dimittit.

238 721 330 768 Octavus,
340 720 374 773 qui
383 720 495 760 tesserarios
504 720 589 761 cohortis
605 723 652 768 erat,
666 734 737 773 magna
750 721 821 761 virtute
835 722 931 776 praestitit,
942 735 953 761 a
967 720 1006 761 Ro-

237 775 309 816 therico
319 789 369 828 saepe
388 775 443 815 hasta
461 788 570 828 percussus
581 778 600 815 et
618 775 672 815 humi
681 778 795 828 prostratus,
804 790 877 826 rursus,
887 776 957 817 illaesus
967 776 1006 816 cito

237 829 328 882 surgebat
336 833 401 870 torace
411 828 493 870 bbubali
499 831 550 870 eoric
555 829 633 870 madido
639 829 734 879 defensus,
743 831 834 871 etstricto
843 832 906 885 gladio
917 830 1006 872 111111111-

236 899 280 925 cum
289 884 400 938 impetebat,
418 886 473 938 eique
488 885 509 925 in
526 885 604 925 dextero
621 884 698 925 brachio
715 885 810 926 sexdecim
825 886 876 926 ictus
891 886 978 940 impegit,
995 900 1007 925 a

235 939 305 993 quibus
316 939 431 981 Rothericus
440 940 503 981 loricae
513 941 588 980 manica
597 940 635 980 fuit
641 943 745 993 protectus,
754 940 786 994 qui
796 954 840 981 eum
850 941 905 981 hasta
913 941 1006 995 fugientis

233 993 342 1036 emeritus
349 995 412 1035 hostis
421 995 535 1048 sanguinem
544 994 644 1035 effundere.
656 1008 696 1035 non
711 999 782 1049 posset,
793 996 855 1036 stricti
864 995 923 1048 gladii
932 996 1006 1049 perieu-

232 1048 274 1090 lum
283 1050 335 1099 facit,
346 1063 385 1103 quo
395 1050 453 1091 etiam
462 1050 516 1090 nullo
525 1050 584 1091 modo
593 1050 666 1090 corium
682 1051 748 1103 potuit
755 1051 846 1100 scindere,
857 1051 903 1090 corii
913 1065 937 1091 ne
946 1050 1005 1090 firmi-

232 1108 279 1155 tate,
294 1119 319 1145 au
333 1106 379 1145 artis
393 1106 472 1159 magicae
487 1106 570 1146 carmine
584 1105 678 1155 obstante,
692 1106 767 1159 ignoro.
796 1106 879 1159 Jamque
895 1106 1006 1145 tesserarios

231 1160 341 1213 proximum
351 1160 423 1201 flumen
435 1164 497 1201 tentat
513 1160 649 1201 transmittere.
677 1160 817 1201 Transeuntem
835 1161 896 1201 hastae
910 1161 952 1200 ictu
966 1160 1006 1200 Ro-

231 1215 317 1256 thericus
327 1215 401 1265 sternit,
412 1219 432 1256 et
440 1216 501 1256 hastae
518 1216 574 1257 dorso
591 1216 632 1268 ejus
646 1215 741 1270 impositae
757 1216 841 1256 innitens
852 1215 888 1256 sub
898 1228 947 1268 aqua
957 1215 1005 1255 deti-

231 1271 282 1318 nuit,
293 1270 354 1311 donec
373 1285 423 1323 aqna
440 1270 561 1311 submersum
580 1271 669 1324 spiritum
687 1271 783 1311 effundere
803 1272 892 1324 coegerit.
920 1270 1006 1311 Phaselli

231 1329 360 1366 commeatum
369 1327 460 1366 vehentes
470 1325 524 1366 Luco
533 1326 631 1366 Leffiriam
645 1340 679 1378 per
692 1326 756 1366 lacum
764 1325 839 1379 placido
850 1340 906 1366 cursu
916 1326 1004 1366 deserun-

231 1384 270 1420 tur.
300 1381 360 1421 Juxta
370 1380 473 1430 Lefflriam,
484 1381 517 1421 ubi
534 1396 554 1421 se
571 1382 624 1421 lacus
638 1385 728 1431 coarctat,
739 1380 832 1421 Catholici
842 1384 966 1429 concurrunt,
981 1395 1005 1421 ex

231 1435 278 1489 ripis
295 1436 390 1489 phasellos
405 1435 510 1476 missilibus
525 1436 634 1477 obruentes.
663 1436 740 1476 Leffiria
753 1436 865 1490 praesidium
881 1436 905 1476 ad
919 1449 1005 1489 pugnarn

232 1505 330 1544 egressum
338 1491 359 1531 in
369 1491 462 1545 oppidum
478 1491 604 1545 compellitur.
634 1490 717 1532 Phaselli
727 1506 770 1531 eum
784 1491 868 1531 militum
878 1492 936 1540 victu,
948 1490 1004 1530 vesti·

231 1549 294 1599 tuque
303 1546 418 1599 capiuntur:
434 1560 472 1599 quo
489 1547 519 1586 die
535 1547 632 1599 regiorum
646 1546 703 1587 multi
712 1545 860 1587 succubuerunt⁴
889 1546 1004 1586 Bothericus

232 1601 253 1641 in
262 1601 334 1641 temore
343 1601 381 1642 fuit
395 1601 456 1655 pilula
465 1601 531 1642 leviter
541 1602 658 1642 vnlneratus.
687 1601 728 1642 Sub
738 1602 774 1642 hoc
788 1605 865 1654 tempus
875 1600 1004 1645 O’Oonchurr

233 1655 327 1708 Sligachae
337 1657 432 1710 princeps,
453 1656 486 1708 qui
504 1657 525 1696 in
544 1670 586 1696 eam
605 1656 734 1709 suspicionem
752 1655 850 1696 nonnullis
864 1656 922 1705 venit,
941 1660 965 1696 ut
983 1656 1004 1696 iu

232 1709 364 1751 O'Donellum
383 1711 456 1764 aliquid
473 1711 520 1751 mali
542 1711 647 1760 mohretur,
672 1711 695 1751 ab
718 1712 761 1764 ipso
785 1711 877 1751 custodiae
895 1710 1003 1751 mandatur.

232 1765 368 1817 O’Docharta‡
379 1766 431 1806 diem
440 1765 481 1806 obit
493 1766 571 1819 (vulnus
587 1765 694 1806 O'Donello
709 1767 808 1819 magnum)
823 1766 929 1806 Oathirium
943 1766 1003 1806 filium

231 1834 314 1874 puerum
328 1821 445 1874 relinquens
461 1822 495 1873 qui
512 1821 565 1874 quod
580 1821 637 1861 rebus
654 1821 742 1874 gerendis
763 1822 841 1874 ineptus
858 1825 903 1871 erat,
918 1821 1004 1861 Felmius

231 1875 356 1916 O’Docharta
365 1876 451 1917 Iuisonae
467 1876 555 1930 princeps
570 1876 594 1916 ab
605 1875 713 1916 O'Donello
723 1881 804 1916 creatur.
834 1875 878 1920 Qua
887 1890 907 1916 re
916 1877 1003 1916 infensus

231 1930 292 1984 Hngo
309 1931 389 1972 Cathirii
405 1931 504 1980 nutritius,
522 1936 541 1971 et
555 1936 624 1972 caetera
639 1931 696 1971 factio
711 1930 735 1971 ab
752 1930 860 1972 O'Douello
877 1931 1003 1972 desciscentes

230 1985 321 2027 Beartam
331 2001 393 2027 arcem
402 1986 487 2026 Inisonae
496 1987 614 2040 principatus
625 1991 682 2039 caput
691 1986 761 2039 Anglis
770 1986 856 2026 tradunt.

258 2041 304 2082 Jam
314 2040 441 2090 O’Donellus,
451 2042 472 2080 in
481 2055 559 2094 magnas
577 2042 675 2094 angustias
690 2046 730 2082 erat
740 2040 833 2081 deductus
848 2040 909 2089 Luco,
919 2040 1001 2089 Lefflria,

230 2099 249 2136 et
258 2096 339 2137 Inisona
348 2097 430 2145 amissis,
441 2095 579 2146 O'Oonchuris,
587 2110 642 2149 quem
650 2100 727 2150 captum
737 2095 820 2144 tenebat,
830 2096 900 2135 arixilio
910 2096 1001 2145 delectus,
1018 2095 1019 2098 ’

230 2154 249 2191 et
265 2152 383 2192 Connachtis
400 2150 500 2200 militibus,
517 2166 565 2204 quos
582 2151 708 2204 stipendiatus
723 2150 812 2199 habebat,
825 2151 919 2190 seditiosis
933 2156 952 2192 et
961 2165 1002 2191 non

231 2207 276 2247 satis
297 2206 481 2261 obtemperantibus
510 2206 583 2246 Tamen
597 2206 696 2247 Inisonam
712 2206 791 2254 invadit,
802 2204 835 2245 ubi
850 2205 929 2246 Oathirii
944 2206 1003 2247 factio

229 2276 318 2315 magnam
328 2266 458 2302 armentorum
475 2261 514 2301 vim
531 2261 615 2301 Binnine
631 2261 673 2302 loco
690 2266 764 2310 natura,
775 2264 794 2300 et
803 2264 879 2302 vetusta
887 2261 1000 2309 munitione,

228 2317 304 2357 munito
322 2317 400 2358 claudit.
429 2316 489 2357 Illum
507 2315 627 2356 O'Donellus
644 2330 759 2370 expugnare,
779 2314 884 2357 Oathiriani
901 2316 1001 2356 defendere

228 2372 358 2413 constituunt.
387 2372 495 2413 Gonuachti
505 2371 609 2412 O'Donelli
616 2371 671 2425 J'ussu
681 2372 702 2412 in
709 2371 771 2425 primo
781 2371 856 2423 agmine
866 2372 957 2411 constitui
967 2386 1001 2411 no-

158 2445 159 2448 *
227 2427 311 2468 luerunt.
339 2427 569 2468 Tirconellorumcohors
585 2427 647 2479 primo
663 2427 705 2467 loco
723 2426 843 2478 dispositam
859 2427 1001 2467 munimentum

226 2483 329 2535 irrumpit3
345 2496 402 2536 quam
420 2482 527 2523 Connachti
543 2481 623 2522 minime
638 2486 751 2535 sequuntru.
780 2479 810 2520 Oh
828 2481 879 2534 quod
895 2496 915 2521 ea
932 2481 1000 2522 cohors

227 2537 341 2578 [lathirianis
350 2551 432 2578 numero
438 2535 516 2577 minime
522 2551 562 2591 par,
569 2537 637 2577 multis
643 2536 745 2591 glandibus
753 2534 826 2585 obruta,
834 2541 853 2576 et
859 2538 927 2590 partim
938 2536 1000 2576 deleta

226 2607 249 2633 ex
256 2593 315 2633 altera
325 2593 441 2633 munimenti
450 2596 503 2646 parte
512 2593 545 2633 vin
554 2592 620 2633 evasit.
724 2595 726 2598 ’

253 2648 336 2689 interim
345 2650 409 2702 Asper
417 2648 497 2701 ingente
506 2647 618 2689 Tirconellae
628 2645 747 2700 principatus
757 2646 845 2700 cupidine
855 2647 937 2700 flagrans
947 2645 1000 2686 haud

247 2787 255 2803 *
268 2785 319 2819 Four
328 2785 411 2827 Masters,
419 2797 436 2830 p.
449 2785 548 2824 11111111
563 2786 646 2823 exclairn,
654 2787 665 2806 “
672 2783 717 2817 Woe
729 2784 743 2817 is
758 2796 791 2827 nie,
799 2787 838 2820 that
846 2786 895 2819 these
904 2785 966 2820 heroes
979 2787 999 2819 of

226 2831 279 2865 Kinel
289 2830 362 2864 [tonnell
370 2842 416 2864 were
429 2834 461 2864 not
473 2831 594 2874 united-for,
604 2829 655 2864 while
669 2829 711 2874 they
724 2832 812 2865 remained
820 2843 846 2871 so,
854 2830 896 2876 they
908 2842 953 2866 were
965 2836 997 2865 not

225 2876 309 2910 hanished
314 2875 362 2909 from
369 2876 416 2909 their
425 2876 525 2909 territorias
533 2878 547 2910 !¹'

247 2923 256 2962 †
269 2921 319 2954 Four
328 2920 411 2960 Masters,
419 2932 437 2965 p.
447 2923 499 2954 2249.

247 2967 257 3010 ss
269 2965 319 2998 Four
328 2965 411 3005 Masters,
418 2977 435 3010 p.
445 2966 496 3002 2237.
