2237 3535
191 374 216 412 aa
311 371 702 418 (1511111111111110111111111011011,
719 384 767 411 rou.
782 385 806 412 11.
867 370 916 423 [nro.
932 380 965 407 111,

192 481 212 521 hi
223 481 277 530 victi,
289 481 424 535 profligatique
432 479 572 533 quinquaginta
582 492 625 519 eum
635 480 727 533 praefecto
735 496 769 522 suo
780 481 894 522 Goodmano
904 478 973 519 amise-

192 540 246 577 runt.
277 536 323 577 Sine
333 537 404 589 majore
414 535 538 576 contentione
553 533 653 575 Cornelius
668 534 777 587 Anglorum
789 538 837 577 iram
854 536 875 576 in
889 532 973 574 Galliam

179 592 271 645 lugiens
287 591 471 632 aCluistiauissimo
488 604 539 643 rege,
555 589 672 631 validissimo
690 592 775 631 exercitu
791 596 811 632 et
824 588 974 632 instructissima

139 654 187 697 [811]
195 647 255 688 classe
264 648 404 695 restitueretur,
411 645 449 686 nisi
457 645 515 686 homo
525 645 589 699 segnis
596 648 615 685 et
621 644 756 697 improvidusr
770 646 794 686 ab
804 646 885 700 Anglistt
896 658 973 685 revoca-

194 706 226 743 tus
236 702 336 742 maluisset
346 702 386 741 sine
397 700 519 740 contentione
529 701 633 752 pristinum
642 699 755 740 comitatum
763 702 855 754 accipere,
866 714 923 755 quam
932 713 973 738 mo-

193 757 246 798 riens
263 756 342 797 tradidit
357 755 397 795 filio
414 754 515 807 Dionysio,
535 769 546 794 a
563 769 601 808 quo
620 768 673 795 nunc
692 768 770 809 quoque
789 757 903 809 possidetur.
942 754 974 794 De

195 813 293 865 Dionysio
312 811 363 859 verb,
374 813 428 849 tomo
452 812 544 860 sequente
567 824 604 850 nos
628 809 698 863 saepius
722 810 836 852 habebimus
861 823 974 852 sermonem.

196 866 293 908 O’Nellus
303 869 366 907 antem
376 867 443 917 postea
458 862 589 904 O'Donellum
598 864 681 904 vinculis
692 864 755 906 solvit.
786 866 824 907 His
833 865 918 907 motibus
929 878 974 905 cum

195 919 436 975 occupareturHenrieus,
446 922 466 958 et
476 918 517 971 ejus
531 919 583 959 filius
596 919 698 960 Eduardus
713 934 767 973 puer,
777 921 856 974 Angliae
865 934 926 973 reges,
936 919 974 960 illis

194 976 274 1017 minime
283 973 413 1028 suppeditavit
422 973 484 1013 otium
494 973 518 1013 ad
528 974 661 1028 extirpandum
676 976 697 1014 in
707 975 786 1016 lbernit
799 975 918 1017 Catholicam
930 974 974 1015 reli-

195 1032 278 1085 gionem,
288 1030 414 1082 haeresimque
424 1028 579 1075 stabiliendam.†

536 1321 594 1362 OAP.
610 1321 635 1361 X.

309 1433 338 1466 Da
346 1434 407 1467 Maria
416 1433 493 1478 Regina
503 1438 521 1467 et
531 1434 649 1468 O'Oonchure
661 1433 767 1478 Ophalio,ct
776 1432 869 1467 O’Morra.

198 1532 297 1574 Hernico
307 1537 327 1574 et
335 1533 426 1574 Edrardo
437 1549 448 1574 a
457 1533 497 1574 vira
507 1535 567 1587 raptis
577 1535 640 1576 Maria
650 1534 749 1576 Catlrolica
762 1534 829 1588 regina
844 1533 934 1587 Philippo
944 1533 974 1574 Π.

198 1587 338 1641 Hispaniarum
347 1589 431 1642 principi
445 1592 507 1642 nupta
516 1604 596 1643 regnare
610 1591 674 1644 erepit.
705 1589 754 1634 Quae
763 1590 841 1629 tametsi
857 1588 975 1629 Catlrolicam

197 1642 311 1696 religionem
319 1644 371 1684 tueri
381 1651 400 1683 et
410 1643 525 1696 amplificare
536 1649 604 1685 conata
614 1650 655 1694 est;
671 1645 711 1698 ejus
726 1648 790 1685 tamen
804 1644 890 1697 praetecti
899 1647 919 1683 et
929 1658 974 1683 con-

196 1697 262 1738 siliarii
273 1698 356 1751 eujurias
366 1698 443 1738 Ibernis
452 1699 523 1739 inferre
537 1714 578 1740 non
592 1700 720 1740 destiterunt:
734 1699 811 1752 ipsique
821 1698 887 1739 lberni
898 1699 929 1751 (eo
938 1698 973 1738 1111

196 1756 311 1806 tempestate
321 1753 428 1806 agebantur
437 1754 509 1807 furore)
522 1754 554 1795 alii
564 1754 611 1795 alios
621 1755 730 1795 domesticis
741 1753 841 1794 discordiis
850 1753 974 1794 lacessebant.

197 1807 252 1851 Quas
271 1808 323 1849 inter
333 1808 488 1861 perturbationes
499 1808 594 1862 Opbaliae,
610 1814 629 1850 et
645 1809 704 1849 Lisiae
718 1808 838 1863 principatus
848 1808 975 1849 O'Conchuri

195 1868 214 1902 et
225 1862 323 1904 O’Mcrrae
333 1863 418 1917 adempti
423 1864 485 1916 regiae
495 1878 571 1905 coronae
580 1864 721 1918 adjudicantur,
731 1877 783 1904 novo
792 1864 870 1904 nomine
880 1863 933 1913 dicti,
943 1863 975 1903 hic

195 1918 261 1971 Regis,
272 1918 304 1958 ille
312 1918 393 1972 Reginae
402 1919 507 1972 provincia.
537 1919 576 1960 Sed
590 1923 669 1974 propter
685 1923 789 1971 utrumque
799 1919 837 1958 fuit
849 1922 915 1971 postea
924 1918 974 1958 rnul-

194 1977 237 2013 tum
248 1974 321 2014 cruoris
332 1973 436 2024 diffusum;
452 1988 473 2014 ac
483 1974 537 2015 Lisia
553 1975 631 2027 quidem
646 1975 677 2016 bis
692 1974 716 2015 ab
727 1973 824 2014 O'Morris
834 1977 945 2027 recuperata
955 1978 974 2013 et

194 2029 273 2068 tandem
282 2028 402 2069 Elizabetlree
417 2029 521 2081 diplomate
534 2029 629 2071 Calvaclro
640 2029 737 2070 O'Morrae
746 2029 845 2083 permissa,
856 2029 907 2082 quod
917 2028 975 2069 hodic

193 2088 259 2123 tamen
268 2083 297 2123 illi
307 2083 387 2124 minime
397 2085 481 2138 prodest.

215 2195 223 2211 *
230 2200 242 2215 “
248 2194 270 2227 In
279 2178 368 2240 swearr'ng
376 2195 472 2239 allegiance
481 2196 531 2230 A.D.
544 2197 594 2238 1572,
603 2198 625 2231 he
634 2197 670 2231 had
681 2196 771 2241 promised
780 2202 798 2229 to
807 2198 928 2231 adranceand
936 2198 974 2231 fur-

194 2240 234 2273 ther
247 2240 278 2273 the
285 2239 337 2274 Boolz
346 2241 367 2274 of
372 2241 459 2273 Oonrnon
467 2241 552 2287 Prayer.”

215 2286 224 2328 †
232 2284 263 2318 All
271 2285 301 2319 the
310 2292 370 2320 events
379 2286 466 2320 recorded
474 2287 517 2321 here
527 2289 570 2322 took
578 2288 628 2333 place
635 2287 692 2320 under
702 2287 754 2331 Mary
763 2287 904 2321 arrdElirabetlr.
