2237 3535
83 422 126 451 oar.
137 405 206 458 nvnc]
248 419 274 446 uu
285 418 380 449 curruca
389 419 460 448 nuruis
470 417 629 447 rnasucurrcurs
639 416 729 444 nunonis.
814 405 852 445 :301

82 519 121 559 suis
131 516 212 569 quisque
221 515 305 569 paribus,
315 520 335 557 et
344 516 449 570 aequalibus
456 516 580 570 judicentur,
591 513 678 562 comites,
695 512 781 562 barones,
792 518 812 553 et
820 528 854 554 no-

82 573 129 614 biles
139 572 151 611 a
160 570 256 611 nobilibus
270 570 320 621 aliis,
337 576 355 612 et
370 572 435 612 nullus
444 573 465 613 in
475 569 576 611 duodecim
586 569 651 609 album
667 570 774 621 cooptatus,
785 569 818 622 qui
827 569 854 609 vi-

82 627 132 682 ginti
148 625 215 666 saltem
230 625 289 667 libras
305 628 379 680 argenti
393 626 495 679 vectigales
505 639 545 665 non
553 622 630 672 habeat,
641 626 661 663 et
670 622 716 662 civis
727 623 763 663 sit:
778 627 854 663 tantum

80 681 124 724 verb
134 680 204 730 abesse,
213 685 236 721 ut
252 681 318 722 arbitri
332 682 427 735 judicium
440 683 464 722 de
474 696 494 721 se
504 679 597 721 reddituri
607 680 647 719 siut
656 677 694 718 sibi
702 677 820 727 conferendi,
829 682 853 718 ut

81 752 105 778 ne
115 735 187 776 nobiles
198 734 281 789 quidem,
292 740 324 777 aut
333 737 375 777 noti
390 751 431 777 esse
448 736 554 784 videantur,
565 735 662 774 neminem
678 746 744 773 eorum
758 733 855 786 possidere

81 791 150 845 viginti
159 790 226 831 obulos
235 791 343 844 vectigales,
353 792 424 832 nedum
438 791 503 839 libras,
514 795 533 831 et
543 804 608 830 omues
617 793 687 843 praeter
696 802 759 828 unum
769 788 854 841 hospites

81 860 127 895 esse,
138 848 194 898 atque
203 846 250 887 adeo
260 860 300 886 uon
309 846 332 886 ab
342 846 378 895 liis,
389 847 421 887 sed
432 847 455 887 ab
470 846 511 886 aliis
526 859 602 886 causam
618 844 678 885 trisse
695 843 854 884 examinandam:

81 901 165 953 alioquin
175 901 211 941 sibi
219 901 309 954 injuriam
324 901 409 954 irrogari,
424 901 523 955 regiasque
533 900 585 954 leges
594 914 635 941 non
652 898 749 940 observari
763 897 854 952 quemad-

81 956 160 997 modum
169 952 226 996 etiam
241 956 273 1009 jus
289 955 381 1004 divinum,
395 957 521 1010 pontificium,
532 968 672 1008 caesareumque
682 954 796 1004 violabatur,
808 954 855 994 dum

80 1012 121 1065 ipse
138 1011 236 1064 episcopus
252 1010 328 1063 cogitur
343 1024 419 1051 causam
435 1011 487 1065 apud
500 1010 602 1064 prblanum
610 1010 695 1064 judicem
704 1009 774 1050 dicere.
805 1008 854 1053 Quae

81 1070 145 1106 autem
162 1066 269 1119 aequissima
286 1066 378 1118 exceptio,
393 1080 426 1106 reo
442 1065 546 1114 innocenti,
566 1079 630 1106 coram
647 1064 712 1118 judice
730 1065 853 1118 iniquissimo

80 1119 159 1161 minime
168 1121 246 1173 profirit.
275 1119 369 1160 Itacausa
375 1120 460 1161 discussa
466 1120 566 1161 duodecim
573 1120 676 1173 conscripti
683 1119 779 1173 judicium
789 1119 853 1159 daturi

79 1176 101 1215 in
117 1175 201 1215 conclavi
217 1174 339 1215 clauduntur.
376 1174 416 1215 Ubi
432 1174 521 1215 undecim
537 1175 648 1228 alienigenae
667 1175 721 1214 nulli
739 1175 853 1228 interposita

79 1231 135 1270 mort
148 1229 249 1283 praesulem
265 1229 369 1282 majestatis
385 1229 435 1269 laesae
451 1244 505 1269 reum
522 1230 628 1283 proferunt·
658 1229 748 1270 Clamitat
758 1243 809 1269 unus
819 1230 851 1269 ille

80 1284 168 1332 Iternus,
184 1288 203 1324 et
218 1287 341 1337 protestatur,
356 1298 392 1324 nec
408 1285 523 1324 sententiam
539 1298 604 1324 secum
613 1284 673 1324 nasse
682 1285 851 1333 communicatum,

79 1352 115 1379 nec
125 1352 222 1378 assensum
229 1352 249 1378 se
256 1338 366 1391 praebuisse.
396 1338 439 1381 Quo
450 1340 526 1379 tametsi
535 1340 629 1379 sententia
638 1338 777 1388 infirmabatur,
787 1343 851 1379 tamen

80 1396 147 1433 contra
161 1393 270 1446 episcopum
285 1393 344 1441 firma,
359 1393 483 1445 legitimaque
498 1393 585 1434 habetur.
615 1394 716 1446 Supererat
723 1394 770 1446 jam,
781 1398 803 1433 ut
813 1408 851 1447 qno

23 1481 25 1485 ,
80 1447 169 1502 supplicii
178 1461 247 1500 genere
256 1447 306 1487 foret
315 1447 432 1496 afficiendus,
442 1452 534 1488 statueret
542 1448 608 1501 judex.

107 1504 127 1543 A
137 1502 237 1542 duodecim
246 1502 292 1542 viris
303 1502 348 1542 dum
364 1501 405 1542 haec
420 1507 510 1555 aguntur,
525 1503 606 1542 Patritio
621 1501 749 1542 O'Luchrano
760 1503 853 1544 sacerdoti

81 1558 105 1597 ad
114 1557 188 1610 regium
198 1570 304 1605 scamnum,
313 1560 336 1596 ut
346 1556 498 1597 demonstratum
508 1562 543 1606 est,
558 1557 659 1610 producto,
677 1557 738 1609 culpae
747 1558 853 1610 majestatis

80 1612 130 1652 laesae
139 1612 225 1660 vertitur,
237 1610 289 1663 qubd
298 1610 389 1664 Belgium
405 1612 470 1652 eadem
481 1613 531 1652 navi.
543 1614 580 1665 qut
591 1611 693 1661 O’Nellus,
704 1617 723 1652 et
732 1611 852 1653 O'Donellus

79 1668 174 1720 fugerant,
184 1666 267 1720 petierit.
296 1665 388 1706 Patritius
405 1665 480 1720 objecto
490 1681 603 1720 responsum
614 1667 702 1720 praebuit,
713 1681 733 1706 se
743 1667 821 1720 quidem
831 1668 853 1708 eat

79 1722 124 1762 navi
133 1722 191 1761 sitisse
199 1722 221 1761 in
230 1720 321 1774 Belgium
329 1720 440 1761 traductum
449 1725 541 1762 nauatam
550 1736 627 1776 operam
634 1722 708 1771 litteris,
718 1723 772 1774 prius
782 1726 852 1771 tamen,

80 1790 137 1829 qnam
154 1776 255 1824 O’Nellus,
271 1779 290 1815 et
305 1775 438 1816 O’Donnellus
448 1777 571 1830 trajecissent,
582 1778 647 1830 sicque
656 1777 715 1816 fuisse
725 1791 792 1817 eornm
801 1777 852 1831 fugae

78 1833 171 1871 nescium.
198 1831 331 1882 Interrogatus
347 1830 392 1870 inde
409 1831 465 1871 vellet
479 1845 504 1870 ne
511 1831 605 1884 judicium
616 1831 716 1871 duodecim
725 1832 811 1872 virorum
821 1847 851 1872 su-

78 1886 125 1934 bire,
135 1885 238 1938 respondit,
256 1888 269 1906 ¹‘
275 1884 317 1924 illos
334 1885 441 1933 duodecim,
452 1886 468 1925 si
477 1886 541 1925 forent
550 1886 616 1926 lberni
624 1886 646 1925 in
656 1886 763 1934 discrimen,
774 1892 793 1927 et
802 1887 851 1939 peri-

78 1941 142 1981 culum
160 1940 219 1992 ipsius
236 1938 303 1979 salutis
319 1939 376 1978 causa
390 1953 431 1979 esse
440 1940 567 1989 deducendos,
578 1944 596 1980 ct
605 1945 670 1981 tamen
679 1941 760 1981 forsitan
769 1941 816 1990 fore,
826 1956 851 1982 ne

78 1996 115 2048 ipsi
124 1997 201 2048 possent
211 1993 323 2042 subvenire,¹
339 1994 370 2033 sin
380 1994 538 2044 esscntlraeretici,
546 2009 576 2035 eos
586 2000 646 2043 metu,
657 2009 691 2035 seu
700 1997 778 2049 praemio
787 2001 851 2037 motos
877 2014 879 2018 ’

77 2050 132 2090 facile
147 2052 245 2102 peccatum
262 2047 402 2097 commissuros,
417 2048 520 2102 ipsumque
536 2049 665 2099 damnaturos,
675 2064 749 2091 severo
760 2051 817 2100 nolle,
828 2057 851 2092 ut

77 2107 154 2157 propter
163 2116 190 2152 se,
200 2103 230 2142 vel
240 2102 339 2151 Catholici,
351 2108 370 2142 et
379 2102 491 2144 benemeriti
500 2104 636 2157 periclitentur,
647 2104 678 2144 vel
688 2105 772 2146 haeretiei
782 2120 849 2147 cumu-

76 2159 117 2198 lent
126 2162 203 2211 peccata
212 2174 217 2197 z
231 2158 253 2197 in
261 2156 325 2210 judice
335 2157 451 2210 aequitatem,
462 2163 481 2198 et
495 2159 590 2212 justitiam
598 2160 715 2212 requirere?
745 2161 795 2200 Tum
806 2161 849 2201 Sar-

76 2212 156 2262 feeldus,
167 2216 229 2252 “cum
239 2211 339 2260 examen,”
348 2212 418 2264 inquit,
430 2212 525 2267 “legibus
535 2214 662 2255 constitutum
672 2216 757 2268 experire
766 2229 849 2265 recuses,

77 2268 101 2308 ad
110 2281 141 2306 me
151 2266 254 2307 decidenda
271 2281 327 2307 causa
343 2266 470 2308 devolvitur?
499 2270 529 2309 Ac
545 2269 572 2309 ita
586 2269 610 2309 de
620 2273 701 2322 utroque
710 2270 731 2310 in
740 2271 782 2311 haec
791 2271 849 2311 verba

77 2321 190 2363 sententiam
199 2321 339 2374 pronunciarit.

105 2380 119 2399 “
126 2376 224 2417 Cornelius
234 2375 356 2417 O'Dubhana
372 2376 476 2426 Dunensis,
488 2381 507 2417 et
517 2377 630 2419 Oonorensis
640 2379 747 2432 episcopus,
757 2383 777 2420 et
786 2380 849 2421 Patri-

77 2433 115 2472 tius
126 2431 264 2471 O’Luclrrauus
274 2431 360 2471 sacerdos
370 2430 473 2483 Papisticill
489 2432 539 2473 laesa
554 2434 658 2486 majestatis
672 2435 755 2475 convicti
765 2449 818 2475 nuuc
827 2436 848 2476 in
855 2444 916 2486 [233]

75 2500 169 2528 carcerem
184 2486 296 2534 referantur,
312 2487 373 2539 primo
390 2485 489 2526 Februarii
505 2487 535 2528 die
548 2488 630 2541 pedibus
644 2489 705 2529 vincti
713 2504 748 2542 per
757 2489 847 2543 publicas

76 2543 116 2583 vias
132 2542 157 2582 acl
171 2540 278 2594 patibulum
294 2542 351 2581 carris
366 2541 472 2590 trahantur,
490 2541 534 2582 oum
551 2544 623 2584 luerint
639 2558 740 2597 parumper
750 2547 846 2598 suspensi,

77 2596 195 2637 semianimes
209 2595 284 2636 araret
294 2596 412 2649 dejiciantur,
422 2610 466 2636 mox
477 2597 616 2648 exinaniantur,
623 2603 666 2638 enta
671 2599 749 2652 ignibus
759 2604 847 2650 urantur,

76 2653 137 2706 capita
146 2653 167 2692 in
177 2651 230 2692 celsis
247 2650 332 2690 turribus
349 2650 472 2700 collocentur,
482 2650 578 2705 reliquum
587 2654 684 2693 cadaveris
693 2654 714 2693 in
724 2657 787 2707 partes
798 2669 845 2707 qua-

76 2710 120 2747 tuor
130 2710 202 2747 sectum
212 2706 232 2746 in
242 2705 323 2759 publicis
333 2707 369 2746 viis
379 2705 512 2758 disponatur

105 2761 151 2806 uua
166 2761 240 2816 prolatt
255 2760 349 2801 sententib
363 2760 448 2814 planctu,
459 2765 478 2800 et
487 2760 562 2801 ululatu
580 2761 645 2802 forum
663 2767 759 2815 personat,
769 2764 849 2817 ingente

76 2828 160 2866 maerore,
178 2822 196 2858 et
212 2816 266 2857 luctu
281 2829 315 2868 per
328 2815 420 2869 oppidum
435 2819 498 2856 totum
513 2815 593 2856 afficitur
610 2817 672 2857 omnis
687 2832 750 2868 serus,
761 2824 781 2859 et
795 2824 848 2861 aetas.

77 2870 112 2910 soli
131 2872 229 2926 episcopus
240 2875 259 2911 et
269 2870 354 2911 sacerdos
364 2870 463 2911 alacriores
472 2870 593 2920 videbantur,
603 2875 623 2912 et
632 2873 698 2912 revera
707 2877 768 2914 erant.
790 2874 849 2917 Uter-

77 2938 113 2975 que
123 2926 203 2968 alterum
213 2926 327 2975 consolatur,
339 2925 389 2966 etad
399 2924 535 2966 effundendum
545 2940 579 2979 pro
589 2926 665 2968 Christo
676 2927 689 2966 J
690 2943 724 2968 esu
734 2931 848 2983 sanguinem

76 2980 180 3024 confirmat
195 2983 229 3023 Pia
239 2981 303 3036 puella
313 2981 368 3023 solita
379 2981 473 3036 episeopo,
485 2983 503 3022 et
514 2982 607 3024 sacerdoti
616 2987 693 3037 portare
702 2984 782 3036 victum,
790 3000 848 3039 quem
