2237 3535
127 370 171 397 car,
182 355 240 408 vnn]
289 368 316 395 nn
327 368 422 399 curruca
432 369 503 397 narrans
513 361 671 397 runsnou‘rrours
682 368 774 396 rnucrrs.
859 360 899 400 279

126 470 170 506 tere,
177 469 198 497 ut
206 468 225 497 et
233 464 330 499 dominium
338 477 389 500 suum
397 466 469 511 ejusque
477 466 603 512 principatum,
612 470 630 498 et
638 465 714 510 patriam
722 464 812 509 propriam
820 464 900 499 charam-

126 521 159 554 que
174 513 264 549 tueantur,
276 516 294 544 et
302 523 334 545 sua
341 512 391 557 regia
403 512 520 557 providentia,
534 510 664 556 prudentiaque
675 510 773 554 praevidens
785 509 855 543 ruinam
862 511 900 543 uni-

126 554 172 588 versi
179 554 233 598 hujus
241 557 291 598 regni
305 558 399 601 republicae
413 557 538 596 imminentem,
553 556 580 590 bis
593 556 669 588 maxime
680 554 795 599 temporibus,
804 554 867 598 quibus
876 555 901 588 di-

125 600 172 633 versi
179 600 285 645 alienigena,
293 606 311 635 et
318 602 403 648 indigente
411 603 474 647 perfidi
488 602 572 646 (maxime
579 601 645 645 ingrati
653 600 704 645 regni
712 610 773 644 pacem
784 599 901 643 tranquillita-

125 649 196 689 temque
204 646 308 689 perturbare
316 653 408 686 conantur,
416 649 439 681 ad
448 648 485 682 haec
493 658 535 680 ausa
549 646 594 680 moti
607 646 641 684 lue,
655 650 709 690 atque
720 644 822 684 infectione,
829 649 901 688 recepta

126 690 269 732 asacerdotibus,
283 697 336 737 atque
348 693 462 727 seminaristis
475 693 509 726 hoc
523 703 599 736 regnum
612 690 772 735 frequentantibus,
781 694 799 722 et
807 700 828 722 eo
842 689 901 731 titulo,

126 736 173 779 quod
180 736 238 776 fidem,
247 736 378 783 doctrinamque
392 739 472 783 doceant,
486 738 577 771 hominum
590 737 657 770 animos
671 736 693 769 ab
706 734 818 769 observantia
825 734 864 778 regi
873 745 901 767 su-

124 792 221 825 premoque
229 782 298 816 domino
304 783 368 823 debita,
376 784 510 826 avertentibus,)
517 782 633 827 postlongam
642 781 792 822 deliberationem,
798 784 902 824 utrumque,

125 826 184 870 quoad
191 826 230 860 fieri
237 831 301 871 potest,
315 832 424 862 antevertere
437 828 505 867 statuit,
513 827 567 861 situm
579 827 678 871 periculum
686 826 741 860 saluti
749 826 854 866 animarum,
862 829 901 858 tum

124 871 212 904 excidium
225 872 325 916 reipublicae
339 873 445 917 impendens,
460 873 474 906 si
488 873 514 906 his
528 872 649 906 sacerdotibus
664 871 760 914 (seditiosis
773 869 833 903 nervis
844 881 899 914 papae,

126 916 180 950 hostis
188 917 241 961 regiae
249 918 352 961 majestatis,
361 923 378 951 et
387 918 458 951 ditionis
467 918 512 961 ejus)
521 918 634 951 subditorum
642 917 758 950 conscientias
766 916 835 949 afficere
844 915 899 948 moles

124 962 155 1000 tia,
164 962 299 1007 fidelitatemque
305 968 380 1003 tentare,
392 964 487 996 amovendo
495 974 524 996 eos
532 975 543 996 a
551 963 591 1001 fide,
600 967 618 995 et
627 973 668 996 vero
676 962 712 995 Dei
720 962 776 1000 cultu,
784 965 805 993 nt
813 961 899 1004 supersti-

124 1006 171 1048 tiosi,
180 1012 198 1040 et
205 1007 284 1041 idolatrae
292 1008 342 1041 fiant.
367 1007 400 1041 Oui
409 1008 479 1052 quidem
486 1007 532 1040 malo
541 1019 561 1040 eo
571 1007 623 1040 citius
632 1011 703 1051 oportet
716 1006 826 1040 curationem
838 1006 898 1039 admo·

124 1063 171 1091 vere,
179 1053 226 1096 quod
234 1053 277 1097 regii
286 1053 353 1086 subditi
366 1052 417 1086 nimis
430 1052 520 1086 licentiose
532 1052 613 1097 regiones
630 1057 698 1085 exteras
710 1056 777 1096 petant,
785 1062 848 1095 neque,
857 1062 898 1083 cum

125 1097 224 1137 discedunt,
233 1098 284 1131 eundi
292 1098 401 1138 facultatem,
409 1102 440 1130 aut
449 1097 540 1130 consilium
549 1101 646 1136 exorantes,
654 1108 717 1141 neque,
726 1108 766 1129 cum
774 1100 896 1137 revertuntur,

123 1142 216 1176 reddentes
224 1143 310 1176 rationem
327 1143 398 1176 ubinam
411 1142 486 1181 fuerint,
500 1142 535 1175 imo
549 1143 608 1186 potius
617 1146 684 1180 eontra,
693 1141 755 1174 moniti
770 1153 780 1174 a
792 1141 896 1185 parentibus

123 1188 164 1226 suis,
172 1188 262 1232 religionis
270 1188 287 1220 in
296 1199 349 1221 causa
356 1199 392 1220 non
399 1187 442 1220 satis
450 1187 508 1230 aequis,
515 1187 606 1220 interdum
615 1187 684 1230 elegant
692 1186 725 1219 sibi
733 1186 832 1228 seminaria,
841 1187 897 1219 eccle-

123 1233 151 1265 siee
159 1233 244 1267 Romana
252 1233 359 1266 auctoritate
367 1232 443 1271 condita,
452 1243 487 1265 non
495 1231 547 1264 aliam
555 1232 577 1264 ob
586 1243 656 1264 causam
668 1231 701 1264 nisi
710 1238 730 1264 ut
738 1231 762 1263 ibi
770 1231 870 1264 educantur
878 1231 896 1264 in

122 1288 142 1310 ea
149 1278 189 1317 fide,
198 1283 216 1311 et
224 1278 315 1322 religione,
323 1289 362 1321 quae
370 1277 422 1321 regiae
430 1276 519 1319 majestati
528 1277 685 1320 obtemperandum
694 1287 729 1309 nou
738 1287 774 1309 esse
782 1276 851 1315 suadet,
857 1287 896 1309 rem

122 1323 172 1366 plane
181 1324 288 1356 contrariam
297 1323 402 1356 Christianae
416 1321 567 1354 administrationi
581 1321 658 1364 cujusvis
666 1321 717 1365 regni
725 1321 794 1364 legibus
802 1321 846 1353 bene
855 1332 895 1354 con-

122 1368 185 1407 stituti,
194 1373 241 1401 etex
250 1379 283 1411 quo
292 1368 393 1400 occasiones
407 1377 466 1399 omnes
480 1366 578 1399 inductura:
586 1365 605 1398 in
616 1366 715 1408 juventutis
724 1366 790 1404 animos
799 1366 896 1409 quamlibet

121 1412 224 1457 religionem
232 1413 324 1446 adversam
331 1412 363 1453 illi,
369 1422 407 1455 quae
415 1411 485 1455 publice
490 1411 600 1449 observatur,
606 1410 653 1443 omni
661 1414 727 1443 conatu
735 1410 799 1443 debent
807 1410 897 1454 extirpati,

122 1458 200 1501 quamvis
207 1457 226 1490 in
234 1457 320 1501 aliquibus
335 1456 403 1489 casibus
417 1467 458 1489 cum
471 1455 498 1496 iis,
507 1455 537 1499 qui
550 1466 601 1488 secus
609 1455 693 1494 facerent,
703 1455 797 1488 clementer
805 1454 861 1488 fuerit
868 1466 897 1488 ac-

121 1507 170 1535 tum:
182 1503 249 1535 idcirco
263 1502 312 1546 regia
324 1500 408 1544 majestas
422 1500 542 1544 compluribus
555 1500 613 1533 literis
626 1510 658 1533 sua
664 1499 715 1543 regia
722 1511 776 1532 manu
783 1500 897 1543 subsignatis,

119 1547 174 1590 jussit
181 1558 213 1580 nos
221 1558 320 1591 proregem,
328 1550 347 1579 et
354 1545 453 1584 consilium,
461 1549 482 1578 ut
490 1545 547 1578 edicto
560 1544 632 1589 publico
643 1544 711 1588 regiam
725 1555 774 1577 suam
787 1544 898 1578 voluntatem

121 1592 153 1625 hac
161 1593 180 1625 in
187 1603 207 1625 re
215 1591 360 1636 patefaceremus.
383 1590 440 1624 Juxta
446 1590 494 1634 quod
500 1590 512 1633 :ll
906 1596 962 1640 [215]

144 1637 183 1670 Nos
191 1637 245 1682 regiae
252 1636 350 1679 majestatis
358 1635 433 1675 nomine,
441 1640 460 1668 et
468 1634 544 1679 speciali,
553 1645 573 1667 ac
582 1644 664 1678 expresso
670 1633 723 1677 jussu
730 1633 853 1667 interdicimus
861 1645 897 1668 om·

121 1682 178 1724 nibus,
192 1687 210 1716 et
217 1681 290 1727 singulis
298 1681 346 1725 regis
360 1680 449 1723 subjectis,
458 1680 477 1712 in
484 1680 517 1713 hoc
530 1690 587 1724 regno
595 1679 647 1721 natis,
656 1679 776 1723 cujuscunque
785 1679 897 1719 conditionis,

121 1733 138 1761 et
147 1732 204 1761 status
212 1727 253 1766 sint,
261 1731 326 1771 praeter
334 1730 447 1773 mercatores,
457 1729 475 1758 et
482 1729 550 1765 nautas,
560 1735 656 1768 eorumque
663 1724 760 1763 institores,
768 1728 786 1757 et
795 1724 896 1769 discipulos,

120 1784 142 1806 ne
150 1784 228 1817 unquam
236 1773 254 1805 in
262 1776 359 1816 posterum,
367 1770 400 1803 nisi
408 1774 497 1814 potestate
509 1770 557 1803 facta
571 1770 620 1813 prins
628 1781 639 1802 a
645 1781 728 1814 prorege,
736 1769 764 1802 vel
775 1769 796 1802 ab
805 1769 840 1803 alio
848 1769 896 1814 prin-

121 1818 173 1862 cipali
186 1817 269 1862 praefecto
283 1816 335 1861 regui
348 1815 406 1858 hujus,
414 1815 436 1848 ab
444 1815 479 1848 hoc
487 1814 578 1848 Hiberniae
586 1826 641 1859 regno
649 1815 667 1846 in
680 1815 715 1847 alia
726 1825 786 1858 regua,
795 1818 859 1853 terras,
868 1815 896 1848 vel

121 1864 196 1897 ditiones
209 1863 330 1906 cujuscunque
343 1860 411 1894 externi
426 1860 480 1904 regis,
493 1859 585 1904 principis,
601 1859 709 1903 reipublicae,
724 1860 752 1892 vel
770 1859 895 1898 dominationis

120 1908 261 1952 proficiscantur.
284 1906 371 1949 Alioquin
384 1905 478 1938 incurrant
490 1916 557 1948 paenam
571 1904 625 1948 regiae
632 1904 763 1948 indignationis,
772 1909 789 1937 et
797 1904 848 1944 alias,
856 1916 894 1948 quae

119 1953 193 1998 legibus,
207 1958 226 1986 et
240 1951 310 1985 statutis
324 1950 377 1994 hujus
391 1950 441 1994 regni
453 1949 538 1982 similibus
546 1949 708 1993 transgressoribus
716 1948 812 1992 aequissime
819 1954 894 1994 possunt

119 1998 202 2043 irrogari.

142 2044 223 2077 Praetcra
236 2041 288 2086 regiae
302 2039 399 2083 majestatis
413 2038 488 2079 nomine,
496 2043 514 2071 et
527 2038 602 2082 imperio
610 2049 706 2077 monemus,
714 2042 766 2081 atque
775 2038 892 2084 divulgamus,

119 2099 159 2122 eum
168 2099 204 2121 esse
212 2086 260 2131 regis
267 2085 380 2119 manifestum
393 2083 476 2124 animum,
483 2087 503 2116 ut
510 2083 569 2116 nullus
580 2083 672 2116 Hiberniae
679 2083 730 2127 regni
738 2083 765 2116 vir
772 2083 853 2124 illustris,
861 2092 893 2118 aut

119 2133 187 2172 nobilis,
196 2132 276 2175 deinceps
284 2130 351 2169 mittat,
359 2133 390 2163 aut
397 2133 449 2161 curet
456 2128 551 2161 mittendos
559 2139 597 2161 esse
604 2139 644 2162 suos
652 2128 704 2166 filios,
712 2129 857 2173 consanguineos,
865 2130 893 2163 vel

119 2178 185 2211 amieos
197 2178 216 2210 in
230 2176 301 2220 aliquod
313 2186 394 2220 regnum,
406 2173 495 2214 ditionem,
509 2173 645 2206 dominationem
658 2173 727 2206 externi
739 2170 792 2217 regis,
800 2174 892 2218 principis,

118 2222 224 2267 reipublicae,
233 2222 262 2255 vel
268 2217 392 2259 moderatoris,
404 2223 492 2263 praetextu
505 2218 573 2252 visendi
585 2223 648 2257 terras,
656 2217 714 2251 literis
727 2228 798 2262 operam
809 2219 892 2259 navandi,

118 2268 145 2301 vel
153 2268 172 2300 in
179 2267 226 2300 bello
234 2266 341 2311 stipendium
348 2264 430 2306 faciendi,
436 2264 474 2297 sine
481 2267 568 2308 potestate
574 2263 620 2297 clare
628 2263 676 2296 facta
683 2274 694 2296 a
702 2274 783 2307 prorege,
790 2264 817 2297 vel
825 2263 848 2296 ab
857 2265 891 2298 alio

118 2324 139 2346 ex
146 2311 273 2357 principalibus
280 2310 369 2356 praefectis
382 2309 436 2353 hujus
448 2308 509 2353 regni:
522 2313 575 2353 atque
583 2319 630 2341 nunc
638 2308 691 2342 etiam
699 2307 812 2352 injungimus,
821 2313 839 2342 et
847 2321 891 2353 prae-

118 2358 191 2402 cipimus
200 2357 279 2391 omnibus
287 2355 381 2401 praefectis,
390 2359 408 2388 et
416 2354 454 2388 aliis
463 2354 572 2395 officialibus,
581 2358 600 2387 et
607 2353 691 2386 ministris
699 2353 792 2387 ordinariis
799 2358 891 2397 portuum,

117 2403 231 2446 locorumque
239 2401 369 2435 maritimorum
376 2400 395 2433 in
402 2400 436 2433 hoc
444 2410 506 2444 regno,
513 2403 534 2432 ut
548 2398 643 2439 detineant,
651 2403 669 2431 et
677 2398 748 2442 capiant
756 2409 821 2438 omues,
830 2403 848 2432 et
856 2400 892 2433 sin-

117 2449 174 2493 gulos,
183 2448 213 2492 qni
221 2447 244 2480 ad
255 2451 317 2491 portus
326 2446 389 2485 dictos,
396 2444 567 2489 locaque'maritima
579 2443 693 2487 pervenerint
707 2443 764 2476 animo
772 2443 861 2487 migrandi
869 2456 891 2478 ex

118 2494 151 2527 hoc
158 2504 214 2538 regno
223 2496 286 2526 contra
292 2496 370 2525 mentem
382 2489 436 2533 hujus
450 2489 586 2530 constitutionis,
595 2489 700 2533 eosdemque
709 2489 795 2531 conjectos
803 2489 823 2521 in
831 2500 890 2523 caree-

117 2550 155 2572 rem
164 2537 269 2576 custodiant,
278 2537 334 2570 donec
343 2537 384 2569 dent
392 2535 463 2568 idoneos
476 2534 527 2567 vades
539 2533 612 2567 sistendi
620 2545 638 2566 se
646 2537 687 2567 ante
700 2544 799 2578 proregem,
807 2538 826 2566 et
834 2535 891 2568 consi-

117 2584 167 2624 lium,
175 2589 196 2617 ut
203 2582 347 2627 transgressionis
356 2592 391 2614 suae
398 2581 416 2613 in
424 2580 457 2613 hac
465 2591 485 2612 re
492 2579 579 2611 rationem
587 2579 668 2612 reddant.
678 2615 679 2618 Ἰ

141 2638 217 2682 Insuper
230 2635 279 2681 regia
291 2634 375 2678 majestas
387 2634 448 2678 vigore
460 2632 511 2676 regiae
525 2643 561 2664 suae
568 2631 689 2676 praerogativa
697 2630 780 2675 injungit,
788 2636 807 2664 et
814 2631 891 2675 imperat

119 2683 205 2724 omnibus,
214 2686 266 2726 atque
274 2681 347 2725 singulis
355 2679 448 2717 nobilibus,
456 2682 508 2721 atque
515 2677 644 2709 mercatoribus
651 2676 704 2720 hujus
709 2676 765 2720 regni,
771 2682 792 2709 ut
799 2683 891 2718 revocent,

119 2733 136 2761 et
144 2728 211 2762 reverti
218 2727 283 2760 faciant
290 2726 309 2759 in
316 2726 351 2758 hoc
358 2735 438 2768 regnum,
447 2726 479 2756 aut
486 2722 503 2754 in
511 2722 601 2766 Angliam,
612 2732 672 2754 omnes
679 2732 720 2754 suos
732 2721 783 2760 filios,
791 2726 810 2755 et
817 2733 891 2756 consan-

118 2774 197 2817 guineos,
211 2773 241 2817 qui
254 2771 366 2811 erudiuntur,
380 2773 398 2802 et
410 2769 466 2801 literis
479 2767 582 2800 incumbunt
596 2767 614 2799 in
628 2777 731 2810 quocunque
744 2777 806 2810 regno,
818 2771 891 2802 terrave

118 2818 189 2852 subdita
196 2819 293 2862 cuicunque
300 2816 345 2861 regi,
352 2814 433 2859 principi,
439 2812 544 2856 reipublice,
552 2811 702 2855 dominationique
710 2811 776 2850 alienis,
784 2812 810 2845 ita
817 2818 839 2846 ut
848 2814 891 2847 dicti

118 2863 155 2901 filii,
164 2863 324 2908 consanguineique
338 2870 402 2900 omnes,
416 2863 434 2892 et
447 2868 508 2891 eorum
523 2856 588 2901 singuli
601 2856 648 2889 intra
660 2867 725 2889 annum
738 2867 794 2890 unum
805 2858 828 2891 ab
836 2858 890 2903 hujus

119 2907 185 2941 decreti
198 2908 287 2941 sanctione
301 2907 374 2940 redeant
386 2905 404 2937 in
417 2904 457 2945 hoc,
470 2906 501 2935 aut
513 2902 532 2935 in
546 2901 615 2945 Angliae
628 2912 709 2946 regnum.
735 2901 789 2940 Quod
800 2903 815 2936 si
827 2904 890 2949 aliquis

118 2963 179 2986 eorum
187 2964 266 2987 remeare
274 2952 352 2987 noluerit
359 2953 399 2983 ante
411 2949 444 2982 hoc
458 2947 574 2982 constitutum
586 2950 662 2991 tempus,
669 2947 688 2980 in
697 2958 717 2981 eo
726 2958 768 2981 casu
775 2954 864 2995 parentes,
873 2956 890 2984 ct
