2237 3535
255 363 300 402 *254
394 364 528 405 o’suunuvanr
542 378 644 406 rnsrcnrn
659 377 842 414 cnrncnrcnnorr.
857 376 891 403 rrr.
932 363 982 415 [uns.
994 376 1030 403 vn.

258 471 376 513 O'Ocnchur
391 472 472 527 pedibus
489 473 545 526 caepit
561 474 656 514 incedere.
684 474 732 514 Post
749 475 799 514 diem
809 477 897 514 exortum
907 472 945 512 dun
955 476 1032 513 ostensa

257 528 326 580 procul
335 527 435 568 O'Ruarki
444 542 487 568 arce
497 528 653 578 O'Sniievanum,
663 531 682 567 et
692 533 771 569 caeteros
778 529 840 569 valere
848 528 911 582 jussit,
918 528 1032 568 confirmans

258 596 315 623 omne
325 581 431 638 periculum
441 596 482 623 esse
493 582 616 624 declinatum.
645 583 678 624 Illi
691 583 738 623 hora
754 584 791 624 diei
806 584 881 625 circiter
896 582 998 623 undecima
1011 583 1032 622 iu

257 636 373 678 Lietrimum
390 637 489 677 castellum
505 638 584 679 veniunt
601 638 742 679 adnumerum
758 639 839 691 triginta
854 639 937 692 quinque
953 637 1031 687 redacti,

193 701 341 745 [196.]quorum
359 695 412 732 erant
429 693 497 733 arinati
507 693 631 746 octodecimp
644 693 719 734 calones
739 693 841 743 sexdecim,
859 698 879 734 et
894 707 933 733 unu
947 692 1025 733 iceminu

258 747 331 796 Caeteri,
343 747 377 799 qni
386 746 430 800 pius
440 748 493 788 mille
509 749 587 788 fuerunt
597 763 621 789 er
630 748 701 789 Bearra
716 747 804 801 profecti,
821 748 852 788 vel
867 749 970 802 perierunt,
980 748 1011 788 rel

256 801 305 841 duce
314 801 442 852 desciverunt,
452 802 483 843 vel
492 802 611 852 lassitudine,
618 818 652 844 sen
661 802 773 843 vulneribus
782 802 803 842 in
812 802 881 844 itinere
891 802 1026 843 detinebantur

255 856 328 910 Atqui,
339 856 387 906 bini,
397 857 486 911 ternique
501 863 546 899 sunt
561 859 629 898 secuti.
658 857 710 898 Illud
720 858 779 897 miror
788 856 912 910 Dermysium
922 857 1024 899 O'Sufleva

254 925 302 951 num
311 915 386 964 patrem
395 926 460 953 meum
470 927 535 953 senem
544 913 583 953 ferd
590 912 763 967 septuagenarium,
770 916 789 952 et
794 912 867 965 fragilis
874 927 929 952 sexus
935 913 1031 953 faeminam

254 980 287 1007 ecs
295 967 371 1007 labores
381 966 458 1008 strenue
468 968 587 1017 sustinuisse,
598 982 647 1022 quos
655 970 735 1022 juvenes
745 971 801 1007 aetate
814 967 911 1016 fiorentes,
922 971 980 1020 atque
989 982 1031 1008 uer·

253 1021 282 1062 vis
291 1021 404 1062 validissimi
419 1037 540 1076 nequaquam
556 1024 640 1077 perferre
653 1027 764 1077 potnerunt.
794 1021 911 1062 O'Rnarkus
921 1022 1032 1063 O’Sulleva·

253 1090 301 1117 1111111
316 1077 509 1119 honorificentissimo
525 1078 611 1132 hospicio
620 1079 697 1132 recepit,
708 1077 764 1132 aegris
778 1077 896 1117 curationem
907 1077 1002 1127 adhibere,
1013 1081 1032 1118 et

254 1130 344 1172 omnibus
361 1146 392 1173 res
404 1133 520 1174 necessarias
529 1132 661 1174 administrare
669 1134 745 1187 jubens,
761 1132 810 1172 sicut
820 1136 840 1172 et
849 1132 895 1173 Mac
905 1131 1030 1182 Wiiiiamum,

254 1190 274 1226 et
284 1187 329 1228 Mac
340 1186 432 1228 Guierem
447 1189 472 1229 ad
489 1202 509 1229 se
525 1189 592 1242 pulsos
608 1188 727 1242 protegebat.
757 1186 923 1240 O’Snllevanoque
934 1189 1031 1241 suppetias

253 1242 320 1282 iturus
331 1246 380 1292 erat,
390 1242 407 1283 si
416 1243 449 1283 hic
459 1243 683 1285 1111111115011110111101111.1

277 1369 285 1384 ¹¹
298 1367 337 1401 The
345 1367 396 1401 Four
405 1367 483 1402 Masters
491 1368 514 1401 dc
522 1374 554 1402 1101
562 1379 615 1413 agree
626 1368 669 1401 with
683 1379 716 1401 0111·
728 1371 767 1401 text
775 1367 794 1400 in
801 1366 864 1401 anthe
876 1367 943 1401 minute
952 1369 1001 1401 dates
1014 1368 1035 1401 of

254 1411 289 1445 this
298 1413 435 1458 extraordinary
448 1418 517 1447 retreat
529 1413 550 1446 cf
560 1413 664 1448 O'Sullivau
678 1413 725 1447 from
740 1412 842 1456 Glengariff
852 1417 871 1446 10
886 1412 967 1446 Leitrim.
994 1412 1032 1446 Our

255 1457 324 1498 author,
333 1458 347 1490 it
355 1469 396 1502 may
403 1458 425 1491 be
438 1459 538 1502 presumed,
551 1459 587 1492 had
601 1459 628 1492 his
641 1464 716 1491 account
729 1458 777 1491 from
789 1458 816 1490 his
824 1458 883 1491 father
892 1458 910 1490 in
918 1458 984 1502 Spain3
997 1459 1031 1492 and

255 1507 318 1546 except
324 1503 377 1536 when
391 1503 437 1536 clear
446 1503 528 1537 evidence
536 1504 550 1536 is
559 1505 628 1549 against
636 1503 678 1543 hirn,
684 1504 706 1537 he
711 1503 769 1549 ought
776 1506 794 1536 10
802 1502 825 1536 be
833 1504 931 1547 preferred.
