2237 3535
93 351 136 379 car.
151 340 210 392 viru]
324 353 351 381 ou
366 354 431 385 BELLO
446 356 565 388 ourunuonr
580 353 690 383 annorum.
826 343 851 381 17
855 344 866 380 9

91 448 179 489 hortibus
190 454 233 490 octo
243 455 262 490 et
273 450 344 505 aliquot
352 453 448 507 equitibus
461 453 584 506 intercipiens
590 456 686 492 nocturno
694 450 760 504 praelio
770 449 867 503 opprimit,

91 508 256 557 commeatumque
266 507 322 560 capit.
360 508 440 550 Postero
451 508 481 549 die
492 507 527 548 sub
537 507 587 548 lucis
597 511 692 554 exortum,
703 509 778 559 partem
788 518 867 544 suorum

91 560 177 611 equitnm
188 563 207 599 et
216 560 303 613 pediturn
312 563 419 617 Anglorum
435 562 521 604 vestibus
531 562 620 603 indutam
631 565 650 602 et
660 566 716 614 capta
726 560 781 613 signa
790 563 867 613 gestan-

90 618 130 654 tem
147 619 274 656 commeatum
291 617 314 657 ad
330 620 423 673 oppidum
439 632 505 659 versus
519 632 575 670 agere
590 616 653 671 jubet.
683 616 729 669 Ipse
739 629 783 656 cum
793 615 866 655 caeteris

90 683 171 722 sequens
181 670 244 710 fictam
254 676 310 724 atque
320 674 428 715 simulatam
437 687 521 727 pugnam
530 674 572 714 init.
594 672 676 725 Equites
686 671 779 723 utrinque
788 669 866 710 dextere

90 729 224 765 concurrentes
233 725 255 766 iu
263 726 326 768 loricis
336 729 399 770 hastas
408 729 503 782 frangunt
511 746 515 769 :
530 727 642 769 bombardae
652 726 718 767 crebro
729 725 864 779 exploduntur,

90 778 113 818 ad
124 794 207 832 quorum
217 782 300 822 sonitum
310 787 329 823 et
337 784 433 825 flammam
442 784 513 824 milites
523 784 595 824 cadunt
604 782 666 823 illaesi.
697 780 757 826 Quod
767 779 865 833 conspica-

89 839 121 874 tus
131 835 238 876 Staffurdus
253 837 381 888 Ardmachani
390 839 475 893 praesidii
484 840 586 892 praefectus
601 837 701 879 dimidiam
715 845 790 890 partem
799 835 865 889 praesi-

89 888 193 930 diariorum
209 890 336 933 adferentibus
353 898 480 935 commeatum
495 894 591 948 suppetias
601 893 663 934 latum
672 892 740 933 mittit.
769 889 831 931 Abest
841 889 865 930 ab

88 945 198 986 Ardmacha
205 946 312 988 bombardae
319 948 374 1001 jactu
378 950 521 999 monasterium,
528 949 581 1002 quod
587 948 714 1003 praesidiarios
720 952 865 1001 praetergressos

88 1004 163 1053 atergo
173 1001 258 1043 adoritur
274 1002 358 1048 Quintus
374 1004 453 1045 O’Nelli
466 1004 517 1044 filius
532 1005 554 1045 in
570 1004 686 1044 monasterio
704 1017 749 1043 cum
765 1000 864 1055 peditibus

88 1054 161 1109 aliquot
170 1056 191 1096 in
200 1057 273 1098 insidiis
284 1058 393 1108 collocatus,
403 1064 423 1099 et
433 1073 456 1099 ex
465 1059 524 1099 altera
532 1063 586 1112 parte
596 1058 692 1099 O’Nellus
707 1072 752 1098 cnm
761 1057 792 1098 liis
801 1056 864 1096 omni-

88 1109 124 1151 bus
134 1112 167 1164 qui
176 1111 220 1152 ficte
228 1113 347 1166 pugnabant,
355 1113 447 1154 invadens
456 1115 478 1154 in
489 1117 593 1167 conspectu
603 1114 695 1154 Staffurdi
705 1113 762 1153 delet.
791 1111 862 1164 Neque

88 1165 161 1207 dudum
180 1171 224 1220 post
243 1167 350 1208 Staffurdus
367 1169 409 1222 ipse
428 1168 558 1209 Ardmacham
573 1168 657 1208 O'Nello
675 1168 729 1208 dedit
743 1167 809 1220 inopib
823 1166 862 1206 cibi

89 1226 165 1262 coactus
175 1225 194 1262 et
204 1222 228 1262 ad
237 1237 282 1263 suos
292 1237 315 1263 ex
324 1227 380 1276 pacto
390 1223 500 1263 dirnittitur.

113 1276 176 1317 Abest
186 1276 209 1318 ab
219 1278 327 1318 Ardmacha
343 1277 428 1317 millibus
441 1291 532 1329 passuum
541 1277 612 1330 viginti
623 1281 711 1330 quatuor,
721 1280 741 1317 et
750 1276 796 1316 Iure
810 1280 860 1324 ceto,

87 1330 206 1383 Oarlinnum,
215 1332 314 1372 castellum
323 1337 392 1372 natura
399 1336 419 1372 et
429 1346 485 1384 opere
494 1333 591 1372 munitum
600 1332 676 1372 flumini
689 1332 798 1379 imminens,
809 1331 862 1383 qnod

87 1401 97 1425 a
107 1386 187 1426 dimidia
196 1387 273 1427 cohorte
283 1387 391 1439 Anglorum
407 1385 521 1437 tenebatur;
536 1386 607 1439 quibus
617 1400 661 1426 cum
671 1390 711 1426 erat
720 1386 804 1426 Thomas
813 1385 861 1426 Kel-

86 1440 153 1481 lodeus
163 1441 224 1481 etalii
234 1445 278 1481 octo
288 1441 360 1481 Iberni.
389 1441 473 1481 Thomas
483 1455 506 1481 er
515 1448 572 1495 pacto
580 1441 683 1494 quodcum
693 1440 778 1481 O'Nello
787 1440 861 1488 inierat,

86 1510 130 1535 cum
140 1496 180 1535 suis
191 1499 233 1535 octo
243 1495 319 1536 ibernis
336 1496 410 1549 Anglos
425 1496 528 1549 improviso
543 1510 645 1549 aggressus
654 1510 687 1536 sex
697 1495 774 1544 occidit,
784 1499 862 1535 caetems

86 1550 163 1591 castello
173 1549 258 1603 expellit.
287 1550 333 1590 Fuit
343 1550 366 1590 0’
369 1550 388 1591 N
390 1551 438 1591 ellus
448 1551 526 1592 Thomae
536 1551 634 1605 pollicitus
644 1566 666 1591 ea
674 1555 732 1591 nocte
749 1551 773 1590 ad
790 1550 862 1602 gallici-

85 1605 139 1645 nium
149 1619 169 1645 se
179 1605 203 1645 ad
213 1604 312 1645 castellum
326 1605 458 1660 recipiendum
472 1611 581 1655 venturum,
596 1610 616 1646 et
625 1606 709 1647 Thomas
719 1619 779 1658 usqne
789 1605 813 1645 ad
821 1619 862 1645 rna-

85 1661 171 1700 tutinum
191 1660 323 1713 crepusculum
342 1661 363 1700 in
382 1661 460 1701 castello
480 1662 592 1715 expectavit.
623 1661 707 1702 O’Nello
727 1674 771 1709 vero
788 1659 861 1700 diutius

85 1720 188 1756 cunctante
198 1716 297 1756 castellum
314 1715 401 1756 deserens
418 1717 475 1770 fugit.
504 1717 588 1758 Albente
603 1717 649 1757 caelo
660 1715 755 1757 O’Nellus
765 1719 809 1756 ante
819 1729 860 1754 cas-

85 1769 152 1810 tellum
163 1785 208 1811 cum
217 1771 256 1811 suis
267 1770 326 1824 copiis
336 1772 429 1822 consistit,
440 1775 459 1811 et
468 1772 540 1812 veritus
549 1786 575 1812 ne
590 1776 640 1812 esset
649 1771 673 1812 ab
682 1771 753 1824 Anglis
763 1774 860 1811 retentum

84 1826 172 1879 proprius
183 1825 271 1866 accedere
280 1840 320 1865 non
329 1826 392 1875 audet,
404 1826 465 1867 donec
475 1841 486 1867 a
495 1827 570 1867 Thema
584 1827 640 1867 detur
657 1826 740 1880 signum.
755 1825 815 1877 Angli
825 1826 860 1877 qui

84 1880 160 1921 fueraut
177 1879 254 1921 castello
271 1880 332 1933 ejecti,
344 1881 449 1934 conspicati
463 1881 569 1922 O’Nellum
584 1882 721 1923 consistentem
731 1884 750 1921 et
760 1895 770 1920 e
780 1879 858 1920 castello

84 1935 162 1989 signum
171 1950 212 1975 non
221 1935 267 1984 dari,
277 1936 314 1976 rati
328 1935 349 1975 id
363 1936 472 1989 quoderat,
483 1936 581 1977 castellum
592 1952 603 1977 a
613 1937 688 1977 Thomb
704 1937 763 1976 fuisse
780 1935 858 1976 derelic-

84 1995 132 2087 tupn,
140 1991 180 2071 ppei
188 1990 237 2031 illud
246 2004 328 2031 vacuum
337 1991 419 2044 ingressi
428 1991 539 2032 defendunt.
570 1991 665 2032 O'Nellus
676 2006 697 2031 ea
707 2005 741 2044 spe
755 1989 858 2031 lrltstratus

83 2059 103 2085 re
117 2047 138 2086 it.

402 2305 460 2346 CAP.
477 2305 536 2347 VIII.

116 2435 182 2470 Norris
190 2434 310 2468 Ardmachem
318 2433 393 2466 secundo
402 2434 487 2474 occupat:
501 2416 604 2464 Norrisium
611 2429 739 2462 munimentum
748 2429 818 2463 condit:

229 2484 326 2523 utrumqne
334 2477 398 2511 aurittit
403 2489 408 2517 ;
421 2486 461 2509 cum
470 2475 545 2509 O'Nello
558 2475 635 2508 infauste
642 2478 716 2519 pugnat.

81 2592 163 2633 launum
172 2589 242 2631 Nonis
252 2603 297 2630 cum
306 2587 399 2629 universis
409 2584 468 2639 copiis
478 2583 607 2624 Ardmacham
617 2588 683 2636 pateus
693 2582 717 2623 ab
728 2582 811 2624 O'Nello
822 2584 855 2625 de-

81 2652 151 2688 sertam
156 2645 244 2700 praesidic
251 2643 359 2685 cohortium
367 2646 454 2697 quatuor,
461 2638 529 2693 quibus
538 2639 645 2679 Henricum
655 2638 760 2678 Daversem
770 2640 856 2691 equitem

22 2709 25 2713 ’
81 2707 170 2743 auratum
179 2700 270 2754 praefecit,
281 2699 350 2739 munit.
379 2697 429 2738 Iude
443 2695 562 2735 Portmorem
571 2693 599 2733 ire
609 2693 727 2734 contendens
742 2707 786 2733 eum
797 2695 855 2736 etiam

80 2757 151 2807 locum,
162 2756 186 2797 ab
197 2755 281 2796 O’Nello
291 2753 368 2795 castello
379 2753 449 2800 diruto,
460 2753 479 2790 et
488 2749 561 2790 aedibus
570 2748 653 2789 incensis
663 2752 751 2802 occupat.
767 2749 856 2792 Ulterius

103 2864 111 2879 ⁸
124 2863 162 2897 For
170 2864 200 2897 the
208 2862 285 2908 English
293 2862 362 2895 version
370 2861 391 2895 of
402 2869 449 2892 some
458 2856 478 2890 of
488 2856 518 2890 the
526 2856 571 2890 facts
579 2856 597 2890 in
605 2855 636 2890 the
648 2860 683 2890 two
692 2857 789 2904 preceding
805 2860 858 2905 chap-

80 2911 122 2947 ters,
132 2920 160 2941 see
170 2909 262 2942 Oamdeu's
271 2906 371 2945 Elizaheth,
380 2904 426 2939 AD.
438 2904 486 2936 1596.
