2237 3535
222 391 262 429 212
358 390 492 432 o'sumnrnnr
506 401 607 429 nrsronrrn
622 402 747 439 carnomom,
757 401 798 429 ron
809 401 841 428 111.
910 387 961 440 [arn.
975 398 995 425 r.

221 497 295 539 bellum
313 514 409 548 renovare,
420 499 436 538 si
451 497 519 539 diebus
538 497 686 551 quatuordecem
701 498 747 538 ante
764 499 844 539 alterum
858 496 995 538 admonuisset.

220 552 281 594 Brevi
289 554 380 595 Esserins
389 554 470 607 receptis
481 568 492 594 a
508 554 574 607 regina
590 552 660 593 litteris
675 552 801 593 acerbissimis
810 554 835 594 ob
845 567 886 593 rem
895 550 944 591 male
953 565 996 604 ges-

220 612 262 649 tam
271 610 338 649 acriter
348 609 460 662 objurgatus
478 622 519 650 eam
535 609 556 649 in
565 608 658 661 Angliam
673 607 714 647 adit
727 607 820 661 vigesimo
830 613 898 648 octavo
908 606 938 652 die
948 606 995 659 Sep-

221 663 305 711 tembris,
324 678 335 703 a
352 677 390 717 qua
407 664 510 718 conjicitur
526 664 547 704 in
566 662 649 703 vincula.
679 661 774 702 O'Nellus
793 663 863 716 Anglis
882 661 996 702 nunciatum

220 718 287 767 mittit,
296 718 384 759 inducias
397 719 437 772 jam
446 717 510 759 nullas
527 733 567 759 esse
584 718 749 758 administratione
758 731 822 757 rerum
832 717 926 766 abdicato,
942 720 961 756 et
974 716 995 755 in

220 786 314 813 carcerem
324 774 411 827 conjecto
420 773 507 823 Essexio,
519 774 552 826 qui
564 787 596 813 eas
611 773 682 813 lecerat
697 777 717 813 et
727 786 801 813 servare
809 773 929 825 promiserat,
940 774 959 811 et
972 775 994 810 ut

220 827 249 867 illi
258 828 298 868 suis
317 829 374 869 rebus
393 828 501 878 consulant,
521 831 540 868 et
559 827 582 868 ab
601 828 644 881 ipso
664 831 749 876 caveant,
760 827 827 867 diebus
846 826 994 880 quatuordecem

220 882 295 936 elapsis.
324 883 394 937 Neque
406 883 440 923 diu
449 887 494 938 post
501 883 592 924 llsserius
602 883 665 936 capite
673 882 771 937 plectitur.

545 1165 604 1206 OAP.
619 1165 669 1206 ΧΠ.

220 1287 312 1320 Pontificis
322 1286 396 1320 Maximi
416 1291 434 1320 et
448 1288 538 1332 Hispaniae
555 1288 602 1332 regis
616 1289 670 1333 legati
690 1289 708 1323 in
730 1290 819 1325 lberniam
836 1295 913 1328 veniunt.
946 1295 994 1335 Quid

244 1332 331 1367 O’Nellus
339 1333 358 1365 in
366 1332 457 1366 Mcmonia
464 1333 534 1374 fecerit,
541 1334 583 1378 quid
592 1334 669 1368 Bluntus
677 1346 743 1378 prorex
751 1337 768 1369 in
777 1337 863 1372 Ultonia?
887 1339 928 1373 Mac
937 1340 994 1374 Guier

243 1381 261 1410 et
269 1376 401 1411 Momoniarum
408 1378 503 1422 praefectus
511 1379 577 1412 mutuis
585 1380 687 1412 vulneribus
696 1382 819 1417 succumbunt.

219 1487 352 1528 ranosindo
363 1486 444 1527 diebusil
452 1487 474 1527 in
483 1487 582 1528 Ultoniam
601 1492 694 1529 venerunt
708 1490 776 1531 Frater
785 1492 882 1534 hlathaeus
893 1495 993 1537 Oveteusis

220 1542 322 1596 Hispanus
331 1541 450 1583 Dubhlinnae
467 1543 634 1597 Archiepiscopus,
645 1548 665 1584 et
674 1544 771 1586 Martinus
781 1547 843 1588 Corda
854 1549 924 1591 nobilis
935 1565 993 1606 eques

220 1597 322 1651 Hispanus
332 1597 438 1638 deferentes
446 1598 543 1638 aSummo
550 1599 644 1639 Pontifice
655 1600 744 1640 omnibus
755 1602 788 1655 qui
796 1603 831 1656 pro
841 1604 879 1644 tide
888 1606 908 1646 in
917 1607 993 1661 Anglos

220 1667 274 1693 arma
293 1655 388 1705 caperent,
410 1652 546 1706 indulgentias,
574 1657 593 1693 et
616 1658 739 1707 peccatorum
762 1659 843 1706 veniam,
866 1664 885 1699 et
908 1661 992 1702 O'Nello

219 1707 314 1761 phoenicis
329 1721 418 1760 pennam,
430 1711 449 1747 et
458 1722 470 1747 a
479 1708 533 1761 Rege
543 1708 642 1749 Oatholico
652 1708 742 1764 Phiiippo
752 1712 816 1753 Tertio
828 1713 882 1765 (nam
893 1715 993 1757 Secundus

219 1762 293 1804 obierat
303 1762 361 1814 diem]
373 1762 489 1815 vigintiduo
497 1762 663 1804 milliaaureorum
669 1778 793 1807 nummorum
800 1768 821 1808 in
828 1769 912 1811 militum
920 1772 991 1824 stipen-

219 1818 280 1858 dium.
307 1817 401 1871 Hispanis
420 1817 487 1871 legatis
506 1819 591 1867 reversis,
613 1818 707 1860 O’Nellus
724 1821 795 1862 relictis
806 1823 828 1863 in
844 1824 992 1867 Tironavalidis

219 1871 314 1926 praesidiis
323 1872 365 1926 ipse
375 1886 419 1912 cum
435 1872 534 1913 nonnullis
543 1873 589 1913 belli
600 1874 656 1914 sociis
663 1889 702 1915 non
713 1878 828 1929 spernendas
838 1880 903 1933 copias
914 1881 992 1932 ducens,

218 1931 239 1968 et
255 1927 318 1967 visum
327 1926 437 1967 'frustulum
455 1932 579 1968 sacrosanctae
595 1929 682 1978 Crucis‚†
692 1930 745 1983 quod
759 1932 779 1971 in
789 1936 903 1975 monasterio
916 1937 992 1978 Sanctae

219 1982 286 2024 Crucis
302 1982 362 2022 fuisse
377 1982 443 2032 ferun,
461 1986 480 2022 et
497 1983 616 2036 exploratum
633 1983 749 2025 lbernorum
764 1987 843 2037 animos,
855 1994 874 2029 et
890 2005 915 2031 au
931 1993 992 2033 hostis

219 2038 297 2078 auderet
307 2051 411 2087 occurrere,
428 2037 449 2077 in
467 2037 576 2078 Mornonias
593 2039 660 2092 hyeme
670 2040 732 2080 media
740 2043 844 2093 procedens
859 2045 879 2084 in
889 2060 934 2099 agro
944 2047 991 2088 (lor-

219 2093 303 2133 cachano
318 2093 401 2133 tentoria
420 2093 520 2144 coluerat
549 2092 590 2133 Ubi
609 2094 655 2134 Mac
673 2094 733 2135 Gener
750 2098 840 2138 constris
857 2100 953 2153 digressus
968 2102 992 2143 ab

217 2147 322 2189 Edmundo
333 2148 378 2188 Mac
388 2147 469 2201 Caphn'o
487 2148 578 2202 signifero
594 2163 630 2189 suo
647 2149 669 2189 N
669 2149 705 2190 ello
716 2150 837 2202 O’Durnino,
848 2159 867 2195 et
881 2169 920 2197 uno
931 2173 991 2199 sacer-

241 2288 249 2304 *
258 2286 317 2320 Gerda
323 2297 344 2319 or
349 2285 409 2319 Lenda
415 2285 445 2319 did
452 2290 485 2319 not
493 2285 598 2320 arrivewith
608 2286 635 2319 hia·
643 2291 678 2320 two
687 2288 734 2332 ships
743 2289 788 2321 until
796 2290 825 2324 the
833 2291 929 2339 beginning
938 2296 991 2331 ottho

217 2344 260 2376 year
270 2331 441 2371 lbOL-Lombard,
453 2343 471 2376 p.
478 2333 519 2364 452.
538 2332 577 2366 The
583 2331 625 2366 Bul}
634 2332 655 2364 of
661 2332 742 2366 (tremene
750 2334 813 2375 Vlla,
822 2341 840 2370 to
848 2339 906 2373 which
914 2341 945 2374 the
953 2347 991 2376 text

218 2377 293 2416 allodes,
306 2376 321 2409 is
337 2377 390 2409 dated
402 2376 466 2416 Rome,
478 2376 531 2421 April
547 2379 573 2415 16,
588 2377 708 2417 toea-Ibin,
725 2390 742 2422 p.
752 2381 792 2412 468.
816 2382 898 2416 Another
915 2386 991 2430 Spanish

218 2422 294 2467 captain,
303 2421 406 2454 Ferdinand
414 2422 435 2455 de
448 2422 559 2460 Barranova,
574 2421 609 2455 had
622 2422 693 2455 arrived
706 2423 750 2456 with
763 2429 798 2458 two
810 2427 859 2471 ships
872 2429 991 2478 immediately

195 2469 197 2472 .
217 2468 264 2501 after
275 2466 352 2501 0¹Neil’s
366 2467 470 2500 conference
484 2467 527 2501 with
541 2466 675 2507 Essex.-]eid,
687 2479 704 2511 p.
715 2470 755 2501 425.
781 2469 819 2505 Oui·
827 2474 898 2512 author,
907 2477 990 2523 perhaps,

216 2513 253 2547 like
260 2524 312 2556 many
321 2512 372 2545 other
380 2512 455 2553 writers,
464 2513 561 2545 confounrls
569 2512 618 2545 these
626 2517 661 2545 two
670 2517 736 2546 events.

240 2560 249 2599 †
263 2558 301 2590 The
308 2557 352 2590 relic
361 2568 395 2590 was
403 2558 453 2591 there
462 2557 504 2591 then
513 2558 556 2600 (and
564 2557 574 2590 I
581 2557 624 2590 hear
632 2557 647 2590 is
656 2557 691 2590 still
699 2560 813 2603 preserved);
826 2563 857 2597 the
865 2567 927 2600 mouks
942 2579 989 2602 were

217 2604 254 2637 still
261 2603 280 2636 in
287 2602 390 2647 possession
398 2603 419 2636 of
427 2603 458 2636 the
472 2606 577 2646 monastery.
602 2607 615 2623 “
621 2602 660 2635 The
674 2603 716 2646 holy
730 2614 777 2637 cross
791 2617 825 2641 uas
840 2608 918 2655 brought
926 2616 957 2645 out
969 2619 988 2647 to

216 2649 283 2681 shelter
291 2647 325 2681 and
333 2651 404 2692 protect
412 2647 466 2686 them,
475 2648 510 2681 aud
517 2648 547 2681 the
555 2647 603 2680 Irish
618 2648 714 2691 presented
721 2654 772 2692 great
779 2651 827 2695 gifts,
837 2654 885 2695 alms,
894 2658 929 2690 aad
937 2669 989 2704 many

217 2693 306 2737 offerings,
313 2697 332 2725 to
340 2693 364 2725 its
371 2692 444 2736 keepers
452 2692 487 2726 and
495 2693 562 2732 monks,
570 2693 589 2725 in
597 2693 666 2726 honour
673 2692 694 2725 cf
700 2693 730 2727 the
737 2693 786 2728 Lord
794 2697 815 2730 of
820 2698 850 2731 the
858 2700 989 2737 alemena?-

216 2740 266 2774 Four
273 2740 357 2777 Mostene,
364 2748 382 2781 p.
391 2740 442 2772 2163.

240 2786 250 2827 ‡
264 2783 304 2817 O'N
305 2783 328 2816 eil
336 2782 369 2816 left
377 2784 406 2817 the
419 2783 473 2817 north
488 2794 510 2816 on
523 2782 558 2816 this
573 2781 673 2826 expedition
681 2782 700 2815 in
708 2783 721 2816 J
721 2795 792 2830 anuary,
801 2790 852 2827 1600,
861 2790 896 2823 and
903 2796 989 2829 returned

217 2830 272 2863 about
279 2829 309 2862 the
318 2829 352 2861 end
360 2827 381 2861 oi
387 2828 456 2862 March.
471 2827 501 2861 He
509 2840 544 2862 was
552 2828 649 2870 encamped
657 2828 721 2872 during
729 2833 795 2876 twenty
803 2834 845 2877 days
854 2840 873 2868 at
881 2835 989 2880 Iuischarra,

216 2876 271 2908 about
284 2874 333 2918 eight
345 2873 394 2906 miles
408 2873 455 2907 from
470 2873 525 2913 Gorlr,
537 2874 572 2907 and
585 2872 666 2913 received
677 2873 707 2906 the
716 2874 819 2912 submission
828 2879 851 2913 of
859 2883 919 2927 nearly
927 2884 989 2919 allthe

217 2919 292 2964 English
307 2919 341 2952 end
355 2918 401 2952 Irish
414 2919 434 2952 of
444 2919 532 2958 Munster‚
545 2923 608 2961 except
620 2919 650 2951 the
665 2923 727 2952 tourns.
752 2922 823 2968 Among
830 2924 861 2958 the
870 2925 903 2959 few
911 2929 950 2963 who
959 2931 989 2964 did

217 2969 248 2999 not
257 2964 317 2998 attend
330 2964 357 2997 his
371 2963 419 2999 leree
430 2975 466 2998 was
479 2975 513 2999 our
526 2964 605 2998 author's
615 2964 761 3008 cousin-german,
770 2967 799 3001 the
810 2970 916 3007 O'Sulleran
925 2974 989 3015 Beate,
