2174 3535
238 399 280 438 268
380 399 515 440 o'sumnvaur
528 410 630 438 nrsroara
641 411 766 448 carnosiora,
780 410 827 438 rou.
843 410 871 436 1v.
933 397 982 449 [ara.
994 409 1009 436 r.

236 506 307 540 eosdem
314 511 381 540 temere
389 507 486 551 divulgato,
492 509 511 538 et
519 504 602 549 dissipato
610 506 637 538 ita
643 507 725 550 deceptos
734 519 777 547 esse,
785 511 806 540 ut
813 505 914 541 existiment
922 516 954 539 nos
961 505 1010 539 illius

236 551 328 595 opinionis,
337 556 355 585 et
362 552 428 596 ingenii
436 562 478 589 esse,
486 555 507 583 ut
523 549 548 583 eis
559 549 650 595 religionis
664 551 753 594 optionem
766 553 869 591 faceremus,
883 561 915 584 seu
928 551 1009 584 daremus

236 597 347 630 conscientiae
360 596 466 634 libertatem,
480 594 548 629 scilicet
559 595 661 628 libertatem
669 595 743 640 legibus,
755 603 807 642 atque
815 597 885 631 statutis
893 595 945 629 istius
952 595 1010 641 regni,

236 646 290 686 atque
298 642 341 675 adeo
349 640 439 684 religionis
448 640 553 679 concordiae,
562 650 614 684 quam
627 651 659 674 nos
674 651 742 685 semper
751 647 852 676 constanter
860 641 935 686 professi
943 651 1009 680 sumus,

236 687 352 720 contrariam:
366 696 421 729 eoque
430 686 512 719 effectum
521 695 562 724 esse,
571 689 591 717 ut
604 696 640 718 non
652 685 709 719 solum
722 696 755 718 nos
769 688 912 732 negligentiores,
920 690 938 719 et
952 686 1010 718 minus

235 732 300 765 soliciti
309 730 410 773 judicemur
423 730 442 763 in
454 729 611 769 administratione,
624 735 662 764 tam
676 730 760 765 Ibernicae
773 732 865 771 Ecclesiae,
874 742 926 777 quam
934 730 1009 764 aliarum

235 775 360 815 Ecclesiarum,
368 787 443 820 quarum
451 786 533 819 suprema
541 786 584 808 cura
591 776 641 809 nobis
649 775 745 809 incumbit:
759 777 790 809 sed
797 778 850 810 etiam
863 777 961 821 complures
969 776 1009 809 sub-

236 822 314 854 ditorum
321 825 423 854 nostrornm
431 821 450 854 in
457 820 491 854 isto
499 831 555 864 regno
566 820 605 863 jam
613 820 689 854 firmiter
702 820 760 854 animo
769 822 883 862 constituant,
892 827 911 855 et
919 825 1010 861 conentur,

235 866 254 898 in
261 865 294 898 hac
303 865 425 909 superstitiosa
433 865 543 898 contumacia
551 876 664 909 permanere:
672 870 724 909 atque
731 865 743 899 J
744 866 809 905 esuitae,
818 866 939 901 Seminaristae
948 866 1010 899 Sacer„

236 911 292 952 dotes,
302 910 365 954 aliique
374 911 485 949 Sacerdotes,
494 915 511 944 et
520 910 596 954 episcopi
604 910 662 944 aliena
669 915 757 955 potestate
762 911 845 950 instituti,
854 913 884 955 qui
892 923 924 955 per
933 911 1009 944 diversas

235 956 286 1000 regni
293 960 352 1000 partes
361 955 379 988 in
386 955 460 989 latebris
468 955 552 989 hactenus
566 955 681 995 delituerunt,
695 967 742 989 nunc
756 956 827 989 tandem
835 957 926 996 audacius,
934 961 952 990 et
960 967 1009 989 arro-

236 1000 306 1045 gantius
320 1005 435 1044 emergentes,
448 1012 500 1044 seque
512 1000 608 1043 jactantes,
621 1000 686 1034 ritibus
699 1001 735 1034 suis
749 1005 835 1042 utantur3
847 1012 880 1034 nos
888 1005 953 1040 autem,
961 1001 1009 1045 leges

173 1041 228 1086 [tot]
235 1051 310 1084 nostras,
319 1046 456 1090 religionemque
463 1050 576 1079 contemnant
582 1046 595 1089 :ll
608 1051 703 1090 propterea
710 1045 760 1079 uobis
769 1046 839 1090 quidem
847 1045 904 1079 visum
913 1051 944 1086 est,
954 1046 1010 1079 omni-

235 1091 268 1124 bus
277 1091 344 1124 dilectis
353 1091 419 1124 nostris
431 1091 450 1124 in
463 1090 535 1124 Ibernia
548 1090 623 1124 subditis
630 1091 735 1135 patefacere,
742 1097 760 1124 et
768 1091 873 1135 significare,
880 1090 924 1123 nihil
932 1102 1010 1134 unquam

235 1136 254 1169 in
267 1140 358 1180 posterum
371 1136 465 1169 admittere
477 1136 519 1174 tale,
532 1136 582 1180 quale
597 1136 654 1179 (justa
667 1135 792 1181 indignationis
801 1137 863 1178 causa)
872 1147 892 1169 eo
900 1147 978 1175 rumore,
987 1135 1009 1168 ab

236 1180 349 1225 ejusdemque
357 1181 434 1214 rumoris
443 1181 545 1214 auctoribus
559 1181 690 1220 circumfertur,
698 1182 726 1215 vel
734 1192 769 1224 quo
777 1182 832 1225 possit
841 1181 904 1225 aliquis
912 1191 960 1225 spem
968 1192 1009 1214 con-

236 1226 300 1269 cipere,
310 1231 327 1259 et
335 1226 400 1259 hahere
406 1226 501 1259 toleratum
509 1225 532 1258 iri
540 1225 592 1258 aliam
603 1226 712 1270 religionem,
721 1237 773 1270 quam
782 1237 819 1269 quae
828 1225 882 1259 verbo
890 1225 926 1258 Dei
934 1230 960 1258 est
968 1237 1009 1259 con-

236 1282 284 1310 sona,
292 1271 383 1314 nostrique
391 1272 441 1315 regni
449 1271 517 1315 legibus
526 1271 608 1304 stabilita.
633 1271 697 1315 Itaque
708 1272 821 1316 praesentium
834 1271 928 1304 literarum
937 1271 1009 1303 oraculo

236 1315 314 1349 animum
322 1322 408 1355 nostrum,
421 1321 473 1360 atque
481 1316 589 1349 voluntatem
598 1316 679 1349 omnibus
692 1316 757 1349 nostris
765 1317 783 1349 in
790 1316 825 1349 istc
833 1327 889 1360 regno
897 1316 971 1348 subditis
980 1327 1009 1349 er·

235 1361 337 1405 pandentes,
346 1361 408 1394 stricte
416 1361 531 1405 praecipimus
538 1365 556 1394 et
563 1361 676 1405 imperamus,
684 1365 704 1394 ut
711 1365 752 1406 post
758 1362 791 1394 hac
797 1372 862 1399 omnes,
871 1365 889 1394 et
897 1360 961 1405 singuli
969 1371 1009 1394 suas

235 1406 344 1450 parochiales
353 1406 440 1445 ecclesias,
448 1411 479 1439 aut
493 1406 568 1450 capellas
581 1405 700 1450 frequentent,
708 1411 727 1440 et
734 1406 777 1439 inibi
789 1406 846 1439 officia
854 1406 918 1446 divina,
926 1405 1009 1450 verbique

236 1451 361 1495 expositionem
376 1451 455 1484 omnibus
470 1451 567 1490 dominicis,
581 1451 654 1495 aliisque
662 1451 710 1484 festis
723 1451 784 1484 diebus
792 1451 892 1484 auscultent
897 1450 950 1493 juxta
956 1462 1009 1495 regu-

235 1496 277 1537 lam,
287 1501 304 1529 et
312 1500 388 1529 mentem
396 1496 461 1540 legum,
469 1497 614 1539 sanctionumque
621 1501 728 1537 nostrarum,
736 1496 813 1541 alioquin
821 1497 839 1529 in
847 1507 909 1540 penas,
917 1500 935 1529 et
944 1496 1009 1529 coerci-

237 1552 284 1580 ones,
293 1553 331 1585 quae
339 1541 391 1574 dietis
400 1542 470 1574 statutis
479 1541 597 1580 continentur,
606 1552 683 1586 quasque
690 1542 750 1586 rigore
759 1541 868 1585 exequendas
877 1552 914 1574 esse
922 1541 1008 1580 volumus,

236 1586 321 1619 incidant.

261 1630 306 1664 Dum
314 1631 336 1663 sit
344 1631 398 1664 etiam
406 1631 455 1664 nobis
464 1631 580 1674 exploratam,
588 1631 654 1664 multos
668 1630 680 1664 J
681 1632 751 1669 astutas
765 1630 888 1664 Seminaristas
903 1631 1009 1669 sacerdotes,

235 1675 314 1720 aliosque
321 1676 428 1713 sacerdotes,
437 1676 543 1708 auctoritate
552 1674 608 1708 alieni
616 1676 736 1720 inauguratos,
744 1687 775 1719 per
783 1676 829 1708 idem
841 1686 917 1720 regnum
924 1676 958 1708 huc
966 1676 1009 1708 illuc

236 1721 344 1765 divagantes,
352 1732 387 1753 non
396 1720 453 1753 solum
461 1720 480 1752 id
488 1721 585 1759 intendere,
598 1725 619 1753 ut
633 1721 711 1754 subditos
719 1726 790 1753 nostros
799 1722 821 1754 ad
829 1721 959 1764 superstitiosas
968 1731 1009 1754 suas

237 1765 354 1798 anremonias
359 1765 489 1809 amplectendas
494 1765 584 1806 seducant,
589 1765 620 1798 sed
625 1765 678 1798 etiam
685 1766 761 1810 maligne
766 1765 868 1805 machinari,
873 1766 959 1809 quomodo
966 1766 1009 1799 stab

236 1810 292 1843 officio
302 1821 330 1843 eos
338 1814 425 1848 avertant,
434 1810 526 1843 studentes
534 1815 570 1842 tam
582 1810 691 1854 religionem,
701 1821 753 1854 quam
761 1810 830 1843 civilem
838 1810 1009 1844 administrationem

235 1861 315 1888 nostram
328 1855 362 1888 illis
376 1855 483 1899 improbare,
496 1854 563 1898 sibique
576 1855 641 1893 litium,
651 1860 669 1887 et
682 1866 774 1888 causarum
782 1855 924 1888 conciliationem
941 1855 1009 1898 adjudi-

230 1900 295 1933 cantes
304 1905 340 1933 tam
348 1904 390 1933 ante
398 1911 449 1944 quam
457 1904 498 1944 post
512 1900 610 1933 definitivas
621 1900 640 1932 in
647 1900 712 1933 nostris
725 1901 778 1933 curiis
787 1900 831 1933 latas
840 1900 940 1933 sententias.
965 1901 1009 1934 ldeo

237 1946 352 1984 declaramus,
366 1945 460 1984 sancimus,
476 1950 528 1988 atque
542 1945 681 1989 promulgamus,
694 1946 804 1978 voluntatem
816 1950 898 1979 nostram
911 1946 978 1990 regiam
991 1952 1009 1979 et

236 1990 321 2035 placitum
330 2001 373 2031 esse,
382 1995 403 2023 ut
409 2001 468 2023 omnes
476 1989 488 2022 J
490 1989 555 2029 esuitee,
563 1990 678 2023 seminaristae
686 1990 792 2029 sacerdotes,
798 1995 816 2023 et
825 1990 854 2023 alii
862 1991 962 2024 sacerdotes
971 1991 1010 2035 qui-

237 2046 318 2079 cumque,
326 2036 388 2074 creati,
397 2040 415 2068 et
429 2035 494 2067 initiati
508 2035 614 2068 auctoritate
629 2035 714 2075 derivata,
727 2047 758 2068 seu
771 2036 936 2079 quomodocumque
944 2047 954 2068 a
963 2035 1010 2069 Sede

237 2081 325 2119 Romana,
333 2085 374 2113 ante
383 2081 428 2113 diem
438 2080 525 2112 decimum
539 2080 642 2113 Decembris
650 2080 730 2124 proxime
737 2082 825 2124 sequentis
833 2092 855 2113 ex
863 2081 897 2114 isto
906 2086 967 2114 nostro
975 2081 1010 2114 Hi-

237 2126 301 2159 berniae
309 2137 365 2170 regno
374 2125 477 2165 discedant,
490 2124 548 2157 necin
555 2129 647 2168 posterum
656 2125 677 2158 ab
685 2126 746 2159 eodem
754 2125 822 2159 decimo
830 2126 935 2159 Decembris
944 2126 972 2159 die
977 2127 1010 2159 ulli

236 2170 248 2204 J
249 2171 315 2210 esuitae,
323 2171 438 2204 seminaristae
446 2170 552 2208 sacerdotes,
560 2175 592 2202 aut
600 2170 629 2203 alii
638 2170 744 2210 sacerdotes,
753 2172 859 2204 auctoritate
868 2171 925 2204 aliena
932 2172 1011 2215 promoti

236 2216 259 2249 ad
267 2227 326 2249 sacros
335 2216 411 2256 ordines,
420 2215 439 2248 in
446 2218 564 2248 memoratum
576 2219 659 2248 nostrum
670 2226 745 2259 regnum
752 2220 876 2249 revertantur:
890 2216 967 2260 alioquin
974 2218 1010 2250 illis

235 2261 367 2306 indignationis,
377 2266 394 2294 et
402 2261 433 2293 irae
440 2264 505 2293 nostrae
518 2270 575 2303 paenae,
583 2260 656 2303 aliaeque
664 2272 722 2304 paenae,
731 2265 750 2293 et
758 2261 879 2301 coercitiones,
888 2272 927 2305 quae
935 2262 1010 2306 legibus,

236 2311 254 2340 et
262 2307 333 2339 statutis
341 2306 392 2339 istius
400 2306 450 2350 regni
464 2309 544 2349 possunt,
559 2309 576 2337 et
585 2304 649 2337 debent
657 2305 718 2350 infligi,
727 2307 835 2350 irrogentur.
861 2306 937 2350 Insuper
945 2308 1011 2341 eisdem

235 2351 297 2384 stricte
303 2351 402 2384 iuhibemus
411 2350 497 2390 omnibus,
506 2354 524 2383 et
532 2349 605 2394 singulis
613 2350 631 2382 in
639 2350 673 2383 isto
679 2362 734 2396 regno
740 2351 814 2385 subditis
820 2351 906 2396 recipere,
913 2356 944 2385 aut
949 2352 1010 2387 fovere

235 2407 355 2441 quoscumque
362 2396 375 2428 J
376 2397 446 2435 emitas,
454 2394 573 2429 seminar-istas
581 2395 687 2435 sacerdotes,
696 2402 713 2429 et
721 2396 765 2429 alios
773 2398 880 2436 sacerdotes,
888 2396 919 2440 qui
926 2402 966 2441 post
974 2399 1011 2431 dic-

235 2447 273 2475 tum
282 2442 328 2475 diem
336 2441 423 2475 decimum
432 2440 537 2474 Decembris
545 2440 572 2472 vel
580 2439 598 2472 in
610 2440 645 2473 isto
652 2452 707 2486 regno
715 2442 851 2486 permanserint,
859 2442 887 2475 vel
895 2443 913 2474 in
921 2443 971 2482 illud,
980 2448 1011 2477 aut

234 2487 252 2519 in
261 2488 337 2531 aliquam
351 2486 399 2519 illius
409 2491 478 2530 partem
493 2485 550 2518 denuo
563 2485 660 2519 rediverint
674 2492 737 2520 contra
748 2486 841 2530 imperium
853 2488 945 2531 praesentis
953 2489 1010 2522 nostri

235 2532 295 2565 edicti.

260 2576 309 2616 Quin
321 2577 375 2610 etiam
389 2576 403 2610 si
418 2576 472 2620 aliqui
486 2574 565 2612 Jesuitre,
574 2575 687 2609 seminaristae
699 2577 805 2615 sacerdotes,
813 2582 844 2610 aut
853 2577 883 2610 alii
891 2578 991 2612 sacerdotes
1000 2592 1011 2612 a

236 2616 320 2656 dictoldie
329 2622 433 2655 Decembris
442 2621 509 2655 decimo
519 2624 579 2663 sponte
587 2620 606 2653 in
614 2621 647 2654 isto
656 2633 711 2666 regno
719 2621 821 2662 manserint,
830 2626 862 2655 aut
868 2622 891 2655 ad
896 2622 946 2662 illud,
954 2625 982 2658 vel
988 2625 1011 2658 ad

235 2667 312 2712 aliquam
320 2668 357 2711 ejus
365 2671 435 2710 partem
440 2665 563 2703 remeaverint,
569 2672 600 2698 aut
608 2667 622 2699 si
631 2667 685 2711 aliqui
693 2678 714 2699 ex
724 2666 775 2699 dictis
783 2667 848 2700 nostris
856 2667 931 2701 subditis
939 2670 1010 2703 eosdem

236 2713 341 2752 sacerdotes,
350 2716 381 2745 aut
389 2712 472 2751 Jesuitas,
480 2712 499 2745 in
507 2710 560 2752 hujus
571 2712 628 2744 nostri
642 2713 708 2745 decreti
722 2716 849 2756 contemptum,
862 2713 969 2756 exceperint,
979 2720 1010 2748 aut

235 2758 353 2802 protexerint,
367 2757 487 2802 expandimus,
501 2755 603 2797 stabilimus,
619 2761 636 2789 et
646 2757 736 2800 jubemus,
750 2761 770 2789 ut
783 2761 826 2790 tunc
840 2767 907 2796 omnes,
916 2762 933 2791 et
945 2759 1010 2804 singuli

236 2803 292 2836 nostri
306 2807 397 2847 praetores,
411 2802 496 2846 praefecti,
509 2800 584 2844 judiees,
598 2802 677 2843 lictores,
691 2801 814 2841 comistabiles,
828 2801 892 2846 aliique
904 2803 935 2836 fidi
943 2804 1009 2838 subditi

236 2859 304 2881 summa
316 2848 408 2892 diligentia
421 2847 524 2880 incumbant
537 2846 559 2878 ad
573 2847 677 2891 capiendum
691 2857 772 2891 corpora,
781 2846 808 2879 vel
821 2858 885 2890 corpus
899 2848 983 2889 omnium,
992 2856 1009 2884 et

236 2893 345 2937 singulorum
350 2893 363 2926 J
364 2893 466 2931 esuitarum,
471 2890 655 2936 seminaristarumque
662 2893 780 2930 sacerdotum,
786 2896 803 2924 et
808 2892 884 2925 aliorum
890 2895 1009 2935 sacerdotum,

236 2940 309 2971 externa
314 2943 401 2982 potestate
408 2937 532 2982 insignitarum
538 2949 543 2977 ς
552 2947 668 2981 corporaque,
676 2937 702 2970 vel
709 2948 773 2981 corpus
779 2937 934 2980 deprehensorum,
940 2942 1010 2974 eosdem

236 2983 356 3027 deprehensos,
366 2988 384 3017 et
393 2994 453 3016 corum
461 2981 546 3026 singulos,
554 2981 572 3014 iu
581 2986 635 3022 tutos,
642 2988 694 3027 atque
702 2984 755 3016 diu-os
763 2993 841 3017 carceres
847 2982 1009 3025 clet1·trdant,d0nec
