2237 3535
62 405 106 433 cnr.
122 389 156 441 m]
272 402 299 428 nn
313 400 378 428 annno
394 398 513 431 onrnnnonu
527 396 637 425 mnenon.
793 377 830 416 257

60 510 125 546 tamen
134 503 180 543 fune
191 502 249 542 scisso
259 503 323 552 evasit,
333 502 429 556 plerisque
439 514 512 549 eorum,
522 498 556 552 qui
562 495 671 550 pendebant
677 493 707 534 vel
715 490 778 546 jaculo
789 504 833 530 eon-

61 559 123 607 fossis,
138 558 169 597 nel
185 557 229 597 laen
244 557 352 598 submersis.
380 555 493 610 Augliensis
503 568 547 595 cum
556 553 600 593 filiis
615 549 696 597 duobus,
707 544 834 609 et'mrlrtibus

60 614 122 655 tribus
132 627 191 666 parva
205 612 263 653 lintre
278 614 311 654 vin
320 613 401 654 salutem
415 613 462 665 fuga
476 609 531 664 petit.
560 602 776 668 Onle’M-elaehhnno
787 614 833 653 qua-

61 668 157 722 dringenti
172 668 229 717 ferro,
246 672 265 708 et
280 683 329 721 aqua
345 669 451 722 perierunt.
479 664 529 705 Inde
544 662 648 703 Catholicis
664 658 753 722 mlacts
762 654 834 718 insulas

60 725 126 773 vectis,
143 723 236 776 presidiis
253 728 323 777 septem
339 724 406 777 captis,
421 718 598 776 propugnatoribus
608 729 710 778 suspensis,
721 711 832 766 Anghense,

60 784 80 821 et
89 778 189 819 Flsmundo
199 778 269 831 iugatis
279 778 324 819 Mac
335 779 395 819 Guier
404 778 425 818 in
434 778 533 829 integrum
542 774 582 813 fere
591 774 704 812 restituitur.

392 1097 450 1137 CAP.
465 1096 494 1137 Π.

59 1232 102 1266 Mae
112 1232 174 1276 Guier,
182 1239 200 1268 et
212 1236 241 1268 alii
254 1235 271 1268 in
285 1237 385 1281 Anglorum
397 1238 475 1280 gratiam
488 1236 604 1280 accipiuntur.
629 1235 736 1269 O’Uonchur
751 1234 830 1267 Scottum

127 1279 176 1323 petit.
201 1280 328 1315 O'Sullevanus
336 1282 359 1314 ad
368 1282 485 1315 0¹Ruarlrnm
492 1281 594 1314 revertitur.
618 1280 654 1313 Alii
662 1285 755 1324 pacantur.

58 1389 111 1430 Mon
121 1389 265 1440 0⁷sullevanus,
276 1395 333 1445 atque
339 1391 384 1432 Mae
394 1392 455 1432 Gnier
464 1392 524 1431 tridui
533 1392 601 1432 itinere
611 1392 712 1445 praeteritis
721 1392 829 1445 Anglorum

58 1444 151 1497 praesidiis
160 1445 181 1485 in
191 1445 314 1486 Conkeiniam
331 1447 400 1487 vallem
413 1447 534 1500 perveniunt.
563 1446 605 1486 Ubi
614 1451 748 1499 compererunt
758 1447 832 1487 O'Nel-

58 1500 99 1539 luni
108 1500 166 1540 fnisse
175 1500 310 1541 Dubhlinnam
325 1502 433 1554 profectum
450 1502 501 1555 pacis
511 1501 654 1542 conditionibus
667 1502 756 1554 acceptis,
767 1516 832 1555 quem-

58 1554 161 1595 admodum
172 1555 324 1595 demonstratum
333 1559 368 1596 est.
397 1556 456 1596 Unde
469 1570 535 1596 rursus
549 1556 625 1605 reversi,
636 1555 681 1596 Mne
692 1556 752 1596 Guier
761 1557 782 1596 in
792 1558 833 1597 An-

58 1609 134 1661 glorum
144 1610 247 1650 amicitiam
255 1615 342 1664 receptus
352 1614 386 1660 est,
397 1611 448 1651 sieut
457 1611 514 1652 etalii
519 1611 596 1651 Ultonii
603 1611 708 1651 seeundum
714 1612 833 1652 conditiones

59 1664 142 1705 0⁷Nell0
153 1664 219 1705 datas:
236 1664 374 1706 O'Snllevanns
384 1666 408 1706 ad
418 1666 625 1707 O’Ruarkumredivit.
655 1665 770 1707 O’Conehur
777 1666 833 1707 Kier-

57 1719 98 1759 rius
108 1734 147 1760 uno
157 1720 261 1760 eomitante
271 1721 356 1761 Scotiam
371 1726 438 1774 petens
456 1722 468 1761 b
480 1721 493 1761 J
494 1721 553 1762 aeobo
570 1721 624 1775 Rege
642 1721 832 1762 bonorificentissime

57 1775 155 1827 aeeipitur,
173 1779 193 1815 et
209 1776 230 1815 in
246 1776 337 1829 Angliam
354 1777 414 1816 aoeito
428 1776 450 1816 in
463 1777 592 1829 possessiones
602 1777 715 1823 restituitur.
744 1777 831 1826 Tirellns,

58 1828 166 1870 Gulielmus
182 1830 266 1879 Burkus,
283 1834 302 1870 et
317 1831 349 1870 alii
359 1831 382 1871 ad
392 1831 467 1884 Anglos
477 1846 498 1871 se
507 1833 609 1872 conferunt
618 1832 758 1884 impunitatem,
769 1836 788 1872 et
798 1832 832 1871 sti-

57 1885 149 1936 pendium
157 1885 215 1938 pacti.
244 1885 269 1925 In
278 1885 363 1939 Lagonia
380 1886 506 1939 Raymuudus
516 1886 608 1926 O’Morra
618 1887 705 1927 redactus
715 1887 738 1928 ad
748 1901 829 1941 pauper-

57 1943 121 1988 tatem,
132 1943 151 1979 et
161 1955 171 1979 a
181 1939 221 1979 suis
232 1939 316 1980 desertus
325 1940 477 1981 incolumitatem
486 1942 594 1994 paciscitur.

382 2225 441 2265 ean.
456 2221 498 2265 ΠΙ.

55 2353 159 2388 O’Ruarlus
174 2352 311 2397 possessionibus
325 2351 409 2396 spoliatus
423 2351 470 2404 diem
484 2351 526 2384 obit.
552 2352 594 2384 Mne
603 2350 702 2384 Williemus
715 2351 732 2384 in
741 2351 828 2397 Hispania

394 2401 477 2429 moritur.

53 2503 145 2544 Iunnnnn
154 2501 297 2542 Momoniarum
307 2500 392 2541 motibus
406 2504 450 2553 post
459 2499 619 2550 ,O’Sullevanum
628 2500 706 2554 pulsum
716 2501 792 2550 sedatis,
803 2516 827 2542 ex

53 2558 76 2598 iis
85 2557 185 2607 iuditibus,
201 2557 234 2610 qui
251 2557 340 2597 adversus
353 2570 396 2595 eum
409 2554 527 2607 stipendium
540 2556 631 2604 fecerant,
643 2570 666 2595 en
679 2556 826 2596 Acharemensis

53 2612 112 2653 eladis
121 2613 212 2666 reliquiis,
223 2611 344 2661 rhemorum,
355 2615 374 2651 et
382 2609 573 2663 Anglo-Ibernorum
587 2610 661 2650 auxiliis
670 2611 691 2650 in
699 2610 826 2652 O’Ruarkum

52 2668 113 2722 Angli
128 2668 253 2709 conscribunt
267 2668 372 2708 exercitum
387 2666 447 2705 trium
462 2665 545 2705 millium
560 2669 676 2705 armatorum
686 2665 740 2717 eujus
751 2680 826 2707 summa

52 2728 136 2774 potestas
144 2723 221 2764 Olivero
230 2722 339 2763 Lombardo
350 2720 466 2762 Connaelitee
473 2721 563 2772 praelecto
571 2720 675 2773 delegatur.
703 2719 826 2762 isembardus

52 2777 124 2818 Martio
139 2793 204 2819 mense
221 2793 271 2819 anno
289 2779 350 2826 1603,
368 2776 391 2816 ad
408 2775 515 2816 citeriorem
532 2775 608 2815 Sininni
618 2775 678 2827 ripam
688 2789 728 2815 non
737 2777 806 2830 procul
815 2778 827 2817 ὲ

51 2831 144 2874 Lietrimo
159 2833 237 2875 castello
255 2834 318 2887 copias
334 2832 399 2872 ducit:
413 2830 449 2870 ubi
462 2830 533 2870 vadum
541 2830 628 2882 trajicere
638 2834 715 2870 tentans
724 2831 748 2871 ab
759 2831 826 2873 O'Ru-

52 2887 104 2936 arko,
115 2889 148 2941 qui
157 2904 236 2943 parvam
245 2889 328 2929 militum
345 2901 422 2927 manum
436 2889 521 2939 paratam
530 2884 619 2933 habebat,
629 2899 663 2938 per
673 2885 714 2925 dies
724 2886 826 2929 duodecim

51 2942 155 2994 repellitur.
184 2944 249 2985 Nocte
259 2944 330 2985 decima
340 2942 396 2983 tertia
406 2941 493 2982 cohortes
503 2944 576 2995 septem
584 2940 597 2980 J
598 2940 673 2981 ohanne
680 2941 769 2983 Bustoko
778 2943 825 2984 duee
