2237 3535
113 368 157 395 err.
173 354 211 406 rr]
341 358 432 394 ranunrra
447 366 485 393 sun
501 366 636 394 erraremus.
849 356 888 394 rot

111 464 143 503 ma
161 466 280 518 tempestate,
297 476 335 515 qua
350 463 462 505 Elizabetha
478 462 585 504 Britannia
601 461 668 515 regina
684 466 729 516 pust
745 462 851 503 Ecclesiam
869 464 891 504 in

111 518 185 571 Angue
205 519 286 559 deletam
308 518 330 559 iu
345 518 423 560 ibernia
440 531 516 573 quoque
537 516 656 558 Catholieam
675 518 788 571 religionem
810 519 889 558 summis

111 573 184 614 viribus
194 572 324 628 oppugnabat,
335 574 398 615 floruit
407 575 500 616 Patritius
511 571 607 613 O'Helius
622 572 706 614 Ibernus
715 572 793 613 minime
808 572 889 613 obscuro

111 642 182 682 genere
191 634 256 670 natus.
285 628 326 672 (lui
336 630 432 684 Seraphici
447 628 545 669 Francisci
561 627 675 668 iust'tutum
690 628 788 682 amplexus
804 628 826 668 in
843 627 889 668 His-

111 683 174 737 panid,
181 684 203 723 in
212 684 345 725 florentissima
355 684 456 739 Oompluti
462 683 568 724 Academia
574 682 676 735 diligenter
683 697 744 724 annos
751 683 825 737 aliquot
834 684 888 723 incu-

111 738 155 779 buit
163 738 239 780 litteris.
255 739 305 780 Inde
313 744 416 794 postquam
426 753 471 779 eum
481 737 578 787 alibi,tum
587 737 655 778 Romae
664 738 783 779 indrallaeli
793 742 889 778 conventu

111 793 171 834 vitam
182 808 236 834 suam
246 795 372 844 innocentem,
383 799 403 836 et
419 793 563 847 integerrimam
573 793 649 846 magnis
663 793 788 848 poenitentiae,
799 794 889 834 sanctita-

110 848 174 901 tisque
184 848 304 890 documentis
313 850 402 891 omnibus
412 848 507 904 probavit,
517 864 529 890 a
539 848 634 902 Gregorio
644 849 719 889 decimo
728 849 785 889 tertio
794 848 889 889 Pontifiee

111 903 197 944 Maximo
214 905 313 959 episeopus
330 909 453 946 consecratur
468 918 518 945 auno
534 903 670 957 Redemptoris
684 904 784 944 millesimo
794 904 888 958 quingen-

109 958 178 999 tesimo
197 961 337 1013 septuagesimo
346 974 398 1001 nouo
408 964 428 1001 et
437 963 517 1000 ornatus
527 959 584 1000 donis
597 960 619 1000 in
636 959 735 1000 Iberniam
743 958 834 1008 mittitur,
844 972 888 1012 pro-

110 1013 193 1054 vinciam
202 1015 239 1056 sibi
255 1015 388 1056 demandatam
398 1015 475 1056 haeresis
484 1015 574 1069 Anglicae
587 1015 700 1068 contagioni
715 1015 819 1055 mortiferae
828 1013 888 1054 reluc-

103 1072 181 1110 tantem
191 1070 363 1111 administraturus.
392 1070 461 1111 Obiter
477 1083 521 1110 cum
536 1070 620 1111 venisset
633 1071 655 1110 irr
663 1069 755 1119 Parisios,
766 1069 886 1124 gymnasium

108 1127 155 1164 tune
171 1126 262 1179 temporis
276 1125 335 1179 longe
350 1125 499 1173 celeberrimum,
510 1125 531 1165 in
546 1125 629 1178 publicis
639 1125 803 1179 disputationibus
813 1124 887 1178 ingenii

107 1181 178 1232 magui,
188 1181 303 1234 minimeque
318 1181 403 1234 vulgaris
417 1179 530 1221 eruditionis
538 1180 622 1233 elogium
631 1180 715 1233 reliquit.
731 1179 780 1220 Cum
790 1193 812 1219 eo
822 1180 886 1220 socius

106 1233 147 1274 ibat
157 1235 262 1276 Oonnatius
272 1235 387 1276 oneramus
397 1235 448 1275 filins
465 1234 566 1274 O’Ruarki
574 1235 673 1288 principis,
687 1235 724 1275 viri
733 1235 834 1288 splendore
843 1248 886 1275 sau·

107 1289 171 1342 guinis
181 1290 231 1331 inter
240 1290 324 1331 Iberniae
334 1290 434 1342 primarios
444 1289 545 1338 referendi,
556 1289 665 1342 Seraphieae
681 1289 780 1342 religionis
789 1290 885 1338 alumnus,

106 1345 192 1385 moribus
208 1343 387 1397 irreprehensibilis.
403 1342 467 1383 Ambo
484 1343 529 1383 navi
544 1357 648 1384 conscensa
664 1344 742 1384 solvunt
750 1344 772 1383 in
780 1343 884 1393 iberniam,

105 1399 135 1439 Eo
141 1414 187 1439 emrr
192 1399 311 1452 appulissent
316 1398 339 1437 in
346 1401 423 1438 vastum
432 1397 487 1438 littus
494 1402 625 1451 exponuntur,
632 1398 686 1439 unde
695 1398 817 1439 Asketiniam
826 1400 885 1452 (quod

106 1458 146 1494 erat
163 1454 291 1507 municipium
307 1452 419 1493 Desmoniae
433 1451 520 1505 Comitis)
532 1453 615 1506 ingressi
625 1468 636 1493 a
645 1453 718 1506 reginae
726 1453 826 1503 ministris,
836 1453 885 1494 mili-

105 1507 197 1562 tibusque
206 1508 315 1562 capiuntur,
326 1506 406 1548 Giraldo
424 1506 524 1548 Giraldino
540 1508 616 1557 comite,
631 1508 711 1562 ejusque
720 1509 778 1549 fratre
788 1508 884 1558 Johanne,

105 1566 124 1603 et
140 1564 183 1604 aliis
199 1563 347 1616 consanguineis
359 1562 478 1603 absentibus.
495 1562 564 1604 Vincti
579 1564 686 1604 mittuntur
702 1564 724 1605 in
739 1564 808 1604 urbem
826 1563 885 1604 Lom-

105 1618 192 1667 nacham,
207 1618 242 1659 ubi
258 1617 366 1668 tenebroso,
379 1617 485 1670 faetidoque
501 1632 576 1659 earcere
582 1618 622 1659 dies
629 1618 743 1672 quindecem
751 1619 885 1659 includuntur.

102 1673 155 1713 Cum
162 1673 192 1714 vel
201 1674 238 1714 hoc
248 1673 342 1727 supplicio
352 1673 398 1713 satis
408 1672 479 1723 afflicti,
490 1676 547 1726 atque
562 1673 633 1715 devicti
647 1689 694 1724 esse,
706 1674 802 1715 Gulielmo
812 1674 884 1714 Drurio

104 1728 169 1783 Angla
187 1728 270 1769 iberniae
284 1728 360 1782 proregi
377 1727 490 1768 viderentur
498 1745 504 1778 3
527 1733 594 1770 contra
609 1732 676 1770 tamen
691 1729 721 1770 illi
735 1730 882 1783 responderunt,

104 1785 231 1835 amoeniorem,
249 1783 379 1836 latioremque
393 1782 431 1823 sibi
446 1783 511 1824 locum
524 1784 581 1824 illum
596 1783 657 1825 videri
669 1784 811 1838 jucundissimo
825 1784 882 1824 horto

103 1839 172 1879 florum
189 1838 327 1879 odoriferorum
343 1838 434 1879 varietate
442 1839 530 1889 consito,
541 1840 625 1892 solisque
634 1840 720 1881 claritate
728 1839 816 1889 lustrato,
826 1843 881 1893 grato

103 1908 154 1934 aurae
164 1894 233 1948 spiritu
242 1893 328 1933 meridiei
338 1893 429 1933 aestivalis
445 1894 532 1934 ardorem
547 1894 638 1935 leniente.
666 1895 707 1935 Eos
717 1895 801 1935 furiosus
811 1909 880 1948 prorex

103 1950 165 1989 acrius
181 1950 249 1989 statuit
263 1961 380 2001 oppugnare.
399 1947 461 1988 Jubet
477 1948 501 1989 ad
518 1964 539 1995 se
553 1950 642 2003 produci.
670 1950 757 1990 Tunein
765 1950 879 1990 Antistitem

102 2004 141 2044 fera
158 2004 237 2053 lumina,
257 2007 370 2055 trucemque
386 2003 464 2042 vultum
480 2006 569 2056 vertensll
587 2004 663 2048 “de
678 2009 708 2045 est
725 2004 805 2058 (inquit)
820 2005 877 2045 homo
887 1995 935 2037 [90.]

98 2060 174 2113 insane,
190 2063 247 2112 atque
262 2058 400 2106 scelestissime,
411 2058 458 2110 quid
474 2060 571 2112 estquod
587 2060 659 2111 reginae
673 2063 745 2099 nostrae
759 2060 813 2112 jussa
825 2073 877 2112 sper-

100 2128 140 2163 nas,
151 2115 285 2155 auctoritatem
294 2116 412 2162 contemnas,
423 2116 480 2165 atque
490 2112 541 2166 leges
547 2113 631 2153 ludibrio
638 2114 726 2154 babeas?
753 2114 876 2163 Convertere,

100 2170 116 2209 si
131 2170 188 2223 sapis,
199 2169 223 2208 ad
239 2169 331 2221 reginam,
343 2168 366 2208 ad
382 2167 423 2220 ejus
439 2167 552 2221 religionem
566 2172 683 2209 convertere.
712 2169 744 2209 Ita
753 2183 796 2222 quae
806 2170 877 2210 scelera

100 2224 213 2264 commisisti
231 2224 330 2271 hactenus,
342 2237 363 2263 ea
377 2222 414 2262 tibi
431 2222 592 2263 condonabuntur
607 2223 644 2264 hac
653 2227 731 2264 tantum
744 2224 795 2264 facili
811 2224 876 2265 condi-

100 2280 159 2328 tione,
176 2283 199 2319 ut
213 2279 272 2332 Papee
287 2282 357 2332 partes,
372 2281 430 2330 atque
447 2277 526 2318 ductum
537 2277 625 2319 deserens
633 2278 759 2332 jurejurando
768 2280 875 2329 confirmes,

99 2334 186 2387 reginam
195 2348 236 2373 esse
244 2333 337 2373 Ecclesiae
346 2333 367 2373 in
376 2333 440 2385 regnis
450 2333 490 2373 suis
501 2337 566 2387 caput,
572 2337 592 2374 et
601 2333 714 2389 principem.
729 2334 809 2375 Itanon
819 2335 876 2376 modo

98 2389 175 2441 Moyoee
191 2389 328 2442 episcopatum,
346 2387 379 2428 sed
395 2387 484 2428 uberiora
501 2388 552 2429 dona
566 2404 577 2430 a
591 2389 658 2442 regina
676 2390 706 2442 (ea
722 2390 764 2442 ipsa
779 2394 808 2430 est
816 2390 876 2443 regali

97 2443 235 2496 munificentia)
247 2442 348 2483 habebis?
377 2442 410 2483 Ad
419 2443 461 2483 haee
467 2443 556 2484 Antistes
566 2444 616 2485 nihil
623 2444 742 2499 respondens
752 2445 820 2484 leniter
828 2444 875 2485 'sub-

96 2500 145 2540 risit.
174 2499 224 2539 Tum
240 2512 315 2551 prorex,
332 2497 385 2551 quid,
399 2498 468 2550 inquit,
483 2498 551 2539 rides?
581 2499 618 2549 Da,
633 2513 707 2553 precor,
721 2500 784 2551 inquit
797 2500 874 2552 praesul,

96 2555 146 2596 hanc
155 2553 294 2595 mibireniam.
323 2552 384 2594 Haud
399 2553 456 2607 potui
471 2567 516 2593 sane
531 2553 593 2595 risum
606 2558 672 2595 tenere
682 2553 734 2608 quod
740 2554 842 2607 jusseritis,
852 2558 875 2595 ut
888 2569 890 2571 ’

96 2624 127 2651 me
146 2612 262 2658 convertam,
283 2607 317 2662 qui
336 2621 437 2662 nunquam
456 2623 467 2648 a
485 2622 530 2649 vera
547 2608 586 2650 Dei
594 2609 688 2663 religione
697 2610 771 2650 fueram
788 2624 873 2650 auersus.

97 2665 168 2715 Quare,
186 2665 203 2705 si
219 2663 288 2704 abhinc
304 2664 377 2716 reginae
394 2668 466 2704 sectam
480 2676 577 2717 sequerer,
587 2679 609 2705 ea
619 2665 698 2719 quidem
716 2678 757 2704 non
766 2665 873 2715 conversio,

96 2720 130 2760 sed
139 2720 212 2761 aversio
222 2722 284 2760 esset:
300 2732 346 2758 eum
362 2732 437 2773 semper
452 2719 549 2760 conversio
564 2720 586 2760 in
594 2734 659 2760 veram
668 2719 790 2772 Religionem
800 2735 811 2760 a
820 2721 873 2770 falsa,

96 2778 115 2814 et
124 2775 197 2816 aversio
208 2788 272 2815 arera
282 2773 305 2814 ad
315 2773 382 2814 falsam
391 2775 433 2815 fieri
443 2774 536 2814 dicatur?
566 2775 734 2829 Supersedeamus,
747 2775 813 2830 inquit
822 2776 874 2816 Dru-

96 2829 135 2869 rius
144 2831 175 2871 his
185 2831 256 2883 nugis,
270 2828 314 2881 Ego
325 2828 404 2881 quidem
413 2829 492 2870 minime
498 2829 574 2882 ignoro,
580 2831 628 2885 quin
638 2831 713 2871 animus
720 2829 785 2884 Papae,
795 2835 815 2871 et
824 2830 875 2884 regis

96 2881 197 2936 Hispaniae
213 2886 237 2926 de
255 2883 355 2924 inferendo
369 2883 420 2924 bello
437 2885 514 2938 reginae,
524 2885 631 2937 praesertim
645 2886 666 2926 in
675 2885 713 2925 hoc
722 2884 805 2936 Iberniae
815 2900 875 2940 regno

96 2937 121 2976 sit
130 2939 166 2980 tibi
176 2940 222 2981 satis
233 2940 348 2994 exploratus,
366 2943 425 2993 atque
442 2938 564 2981 consiliorum
581 2941 606 2982 sis
615 2941 656 2995 ipse
665 2941 767 2996 particeps,
778 2940 876 2996 quodtibi
