2237 3535
98 384 142 411 our.
158 372 197 424 rin]
311 382 337 409 nn
352 384 416 412 sunno
432 385 550 416 uurunncnu
565 385 673 412 auronum.
829 372 868 411 163

97 495 184 534 pugnare
201 486 286 523 conatur.
315 482 407 523 Hostium
424 483 548 523 multitudine
564 482 651 534 undique
671 481 793 535 aggrediente
812 482 869 522 Fusci

96 537 155 577 frater
165 536 261 586 Giraldus,
271 539 372 579 fortissime
381 538 470 592 praelians
483 537 575 591 plumbet
589 535 659 591 glande
669 536 790 577 confoditur:
806 538 870 577 caeteri

96 591 209 646 plerumque
224 592 333 634 mineribus
349 593 464 634 afficiuntur.
493 593 568 633 Fuscus
584 591 635 645 quod
646 595 666 631 et
675 591 815 632 munimentum
826 592 868 632 diu-

95 645 135 686 tius
154 647 205 687 tueri
222 649 308 702 nequivit
324 653 343 690 et
357 653 466 689 commeatu
483 647 565 698 carebat,
580 662 615 701 per
631 647 704 687 medios
721 647 869 688 confertissimos

95 701 160 742 hostes
170 716 270 755 erumpens
280 718 323 745 cum
332 705 397 758 paucis
407 703 476 744 evadit.
505 703 600 755 Tempore
606 701 686 742 minime
695 701 754 755 longo
764 706 867 752 transacto,

95 770 140 796 cum
157 758 264 810 vespertino
282 759 391 813 crepusculo
409 773 444 812 per
460 773 520 813 pagos
534 758 605 799 milites
620 757 748 805 distribueret,
765 757 807 811 ipse
823 772 868 798 oum

95 811 198 852 comitibus
208 812 282 854 duobus
292 813 369 855 domum
379 829 390 854 a
401 815 473 854 caeteris
490 813 577 854 dissitam
593 813 692 866 ingressus
702 811 787 853 hostium
796 813 867 853 milites

95 866 191 907 sexdecim
200 867 284 909 offendit.
313 869 387 910 Strictis
396 869 487 923 utrinque
497 868 566 923 gladiis
580 868 627 921 regii
637 868 723 921 quinque
732 868 815 920 graviter
824 868 866 908 vul-

94 926 199 963 nerantur:
214 922 260 964 alter
270 939 293 964 en
302 924 377 964 duobus
393 924 452 964 Fusci
466 923 560 964 militibus
577 923 682 964 occiditur:
697 924 739 975 ipsc
753 923 817 963 mallei
826 923 867 963 ictu

93 977 154 1018 fracto
163 992 213 1031 pene
222 978 292 1019 femore
301 980 397 1020 sternitur.
425 979 501 1020 Ducem
510 979 565 1019 humi
579 979 676 1032 jacentem
691 978 739 1018 alter
752 992 822 1027 comes,
833 979 867 1031 qui

93 1031 189 1086 Georgius
199 1032 290 1074 O’Morra
298 1034 407 1082 vocabatur,
414 1034 483 1074 tollens
492 1034 577 1074 humeris
586 1033 699 1087 impositum
708 1033 794 1074 hostium
803 1034 864 1074 mani-

93 1086 130 1126 bus
147 1088 218 1141 eripere
233 1089 312 1129 molitur
327 1089 419 1143 fugiendo
436 1088 460 1129 ad
476 1088 620 1137 commilitones,
632 1088 696 1141 quiin
709 1089 797 1141 proximo
812 1103 864 1142 pago

93 1142 242 1183 diversabantur.
272 1143 352 1188 Quoties
361 1143 496 1184 insectantium
503 1157 561 1183 cursu
570 1143 701 1196 superabatur,
711 1144 768 1183 toties
777 1144 864 1184 Fuscum

92 1197 147 1238 humi
155 1198 271 1251 relinquens,
281 1199 347 1238 stricto
356 1199 406 1238 ferro
416 1211 461 1237 curn
470 1205 553 1250 quatuor
562 1202 596 1238 aut
606 1198 690 1250 quinque
702 1197 792 1249 certabat,
803 1199 864 1240 donec

92 1252 138 1293 socii
148 1253 172 1294 ad
182 1253 273 1293 amilium
284 1253 405 1294 occurrerint.
434 1253 453 1291 A
462 1252 531 1305 quibus
546 1251 620 1292 Fuscus
635 1251 764 1302 absconditus,
775 1256 819 1294 cum
830 1268 863 1294 ou-

91 1311 171 1357 raretur,
189 1323 200 1348 a
216 1307 295 1348 custode
310 1306 432 1359 squnghs
448 1306 571 1360 deprehenso,
589 1306 656 1359 capitis
669 1308 737 1347 timore
746 1309 834 1360 proditur
844 1313 863 1349 et

91 1361 225 1403 Dubhlinnam
235 1361 310 1402 delatus
319 1362 380 1402 terreo
394 1374 442 1400 veru
446 1360 505 1414 longe
515 1364 533 1400 et
544 1361 653 1401 acutissimo
662 1362 733 1401 infixus
742 1364 864 1415 pereminet

90 1416 139 1456 Post
147 1417 206 1457 Fusci
215 1430 282 1457 necem
291 1416 374 1456 Fiaehus
383 1415 466 1455 traditur
476 1429 520 1455 cum
528 1416 587 1468 regiis
597 1415 656 1468 copiis
671 1423 737 1468 quater
747 1417 802 1470 signa
811 1416 864 1472 pios-

90 1485 135 1523 pere
145 1471 269 1516 contulisset
298 1470 339 1511 Sub
349 1485 407 1524 quam
421 1470 544 1510 uictoriarum
560 1470 711 1523 prosperitatem,
721 1471 799 1512 fortuna
808 1474 864 1514 mini-

90 1540 121 1565 me
131 1525 165 1566 diu
175 1520 278 1567 Catholicis
288 1526 372 1566 secunda
380 1525 439 1566 vertit
448 1525 526 1565 alteram
539 1525 635 1578 paginam¹
666 1526 766 1566 Terentius
776 1527 865 1569 O’Bruin

90 1581 150 1620 trium
166 1581 248 1621 filiorum
265 1581 333 1621 Fiachi
347 1584 396 1621 natu
413 1580 469 1620 simul
486 1584 506 1620 et
520 1580 593 1620 virtute
608 1581 709 1630 maximus,
726 1582 778 1634 quod
794 1584 864 1637 Anglis

89 1639 163 1689 patrem
173 1635 253 1689 prodere
262 1636 387 1676 constituerat
401 1635 529 1675 insimulatur.
558 1635 641 1675 Fiachus
650 1635 670 1676 id
681 1650 703 1676 eo
712 1636 787 1677 facilius
804 1639 863 1680 credi-

90 1690 126 1739 dit,
136 1691 189 1744 quod
198 1692 283 1731 monitus
293 1691 353 1731 fertur
363 1707 373 1732 a
382 1690 436 1730 Rasa
445 1690 465 1730 ni
478 1689 558 1730 Tuehile
567 1705 627 1730 uxore
637 1691 672 1731 sua
681 1691 765 1731 Terentii
774 1696 862 1744 noverct,

90 1759 133 1797 quae
142 1745 272 1798 Dubhlinnaelt
285 1745 308 1786 ab
318 1746 387 1800 Anglis
398 1745 485 1785 custodit
494 1744 615 1796 tenebatur,‡
630 1746 736 1786 nimiumne
745 1749 809 1788 mariti
818 1750 928 1799 ritae[130.]

89 1801 176 1851 timente,
194 1815 219 1841 au
232 1802 380 1855 protestantium
396 1804 437 1840 arte
451 1805 469 1840 et
483 1800 558 1840 fallacia
574 1800 659 1853 decepta,
673 1802 774 1842 incertum.
808 1804 862 1858 Ergo

89 1855 178 1896 Ferentio
196 1856 312 1909 deprehenso
330 1856 394 1909 “qma
403 1855 508 1908 putcrnus”
518 1855 583 1907 inquit
592 1855 675 1896 Fiachns
693 1860 764 1897 “amor
776 1873 808 1899 me
822 1875 862 1900 non

89 1910 135 1950 sinit
146 1911 204 1964 digna
214 1913 269 1963 pant
285 1910 382 1965 perfidiam
399 1914 454 1949 tuam
469 1910 542 1958 rdoisei,
553 1910 583 1949 his
593 1914 612 1950 te
628 1910 708 1960 tradam,
720 1912 789 1965 quibus
798 1918 822 1954 tu
831 1929 862 1955 me

88 1979 129 2005 eras
138 1966 249 2017 traditurus,
264 1970 288 2006 ut
297 1966 346 2006 sicut
355 1969 454 2019 paternam
468 1965 559 2017 pietatem
569 1979 589 2004 es
599 1970 695 2017 expertus,
704 1967 731 2007 ita
740 1967 815 2009 hostilis
825 1970 861 2009 hu-

88 2021 187 2061 manitatis
196 2021 253 2062 facias
262 2020 388 2075 periculum³¹
404 2019 504 2059 Terentius
514 2018 648 2059 Dubhlinnam
658 2021 733 2061 vinetus
740 2022 813 2064 delatus
819 2039 860 2065 non

87 2075 145 2116 modo
156 2091 176 2116 se
185 2076 232 2116 falso
243 2077 321 2117 crimine
337 2074 432 2128 purgavit,
443 2074 476 2114 sed
489 2077 550 2113 totam
564 2074 656 2114 familiam
665 2076 722 2129 longe
731 2076 858 2120 honorificen-

87 2130 162 2171 tissimat
178 2135 240 2171 morte
257 2131 386 2172 cohonestavit
392 2147 399 2179 ,¹
413 2143 459 2168 nam
470 2143 520 2182 saepe
534 2128 558 2168 ab
572 2129 642 2181 Anglis
657 2135 736 2183 rogatus
745 2136 764 2172 et
773 2135 858 2186 praemiis

87 2184 180 2225 inritatus
189 2189 213 2225 ut
221 2187 279 2240 regiae
289 2189 344 2227 sectae
354 2183 484 2232 subscriberet,
495 2183 564 2223 maluit
580 2183 698 2225 Catholicani
708 2185 778 2228 Christi
794 2189 859 2242 legem

87 2239 180 2279 confitens
197 2241 264 2282 acerbo
282 2241 374 2295 supplicio
389 2239 444 2287 mori,
455 2252 512 2291 quam
525 2252 599 2291 negans
612 2239 675 2280 viuere
682 2257 687 2290 ς
703 2242 753 2294 patri
761 2245 859 2298 praecipue

86 2293 140 2334 triste
150 2294 180 2334 sui
190 2295 305 2337 desiderium
318 2296 433 2348 relinquens
444 2294 477 2347 qui
486 2294 539 2334 brevi
549 2305 631 2346 quoquc,
647 2295 727 2347 quodam
739 2311 796 2349 quem
805 2300 858 2341 fidis-

108 2417 116 2433 *
130 2415 164 2450 See
178 2416 228 2449 Four
242 2417 325 2454 Masters,
339 2427 355 2459 p.
370 2415 420 2453 1595,
435 2411 473 2444 ruho
487 2411 538 2444 differ
549 2411 568 2445 in
582 2424 629 2445 some
641 2413 704 2447 details
718 2414 763 2448 from
771 2428 805 2451 our
813 2423 858 2455 text.

85 2461 97 2495 J
98 2473 126 2494 an.
136 2464 163 2499 16,
172 2461 244 2505 Deputy
252 2461 325 2495 Russell
336 2457 604 2495 marchedtoBallinacor,a11el
614 2458 722 2501 proclaimed
732 2460 814 2505 O'Byrne
822 2467 856 2500 and

85 2507 115 2539 the
126 2506 230 2540 Geraldines
238 2507 317 2540 traitors.
342 2505 370 2540 On
378 2504 407 2537 the
416 2500 458 2534 30111
466 2501 487 2534 of
491 2503 504 2536 J
505 2512 571 2546 anuary
577 2503 607 2535 the
614 2503 687 2537 traitors
694 2505 760 2538 burned
768 2508 856 2550 Orumlin,

85 2551 146 2584 within
154 2556 186 2584 ten
193 2551 242 2584 miles
251 2552 271 2585 of
277 2551 356 2584 Dublin:
368 2550 386 2583 in
401 2547 491 2590 February
500 2546 530 2579 the
543 2546 615 2591 Deputy
628 2550 714 2582 returned
727 2554 745 2583 to
761 2551 855 2596 Wiclrlow‚

85 2596 128 2629 took
141 2597 176 2630 and
188 2597 257 2640 hanged
272 2596 339 2630 Gerald
351 2595 386 2629 and
399 2593 458 2626 Jaines
467 2591 568 2630 Geraldine,
582 2592 664 2625 brothers
676 2594 697 2626 of
709 2594 783 2639 Walter,
792 2600 828 2633 arrd
836 2601 854 2635 in

85 2641 138 2684 April
146 2642 207 2674 brown
216 2641 285 2676 Walter
292 2641 364 2674 himself
369 2650 405 2673 tras
412 2637 464 2671 taken
472 2636 506 2669 and
517 2636 587 2679 hanged
595 2637 613 2669 in
621 2637 686 2671 chains.
712 2641 751 2681 Coa,
760 2653 778 2685 p.
788 2646 829 2678 405,

107 2685 121 2730 †
132 2685 162 2720 He
171 2686 266 2720 submitted
274 2688 308 2720 and
315 2697 350 2719 was
358 2682 453 2730 pardoned¹
461 2681 505 2714 Nor.
517 2683 534 2719 9,
544 2683 593 2714 1595.
617 2681 713 2726 Surprised
720 2686 816 2723 andrazed
823 2690 855 2726 the

84 2729 122 2763 fort
135 2732 156 2765 of
168 2732 276 2772 Ballinacor,
291 2732 368 2775 August,
383 2730 433 2767 1596,
446 2726 479 2759 and
492 2725 538 2758 after
546 2736 598 2769 many
606 2726 670 2760 battles
682 2739 717 2761 was
730 2730 784 2766 hilled
792 2735 815 2779 by
823 2737 854 2771 the

84 2773 167 2819 angust,
176 2777 243 2821 urays,
253 2777 303 2813 1597.
330 2776 372 2818 coa,
386 2776 427 2812 408,
440 2774 479 2813 eu,
491 2773 530 2804 41'2·
554 2770 602 2803 Fom-
614 2772 698 2813 Matar,
710 2778 788 2820 1111107,
804 2783 855 2819 nort,

86 2819 178 2854 Seethere
188 2823 217 2855 the
229 2822 335 2864 interesting
348 2820 410 2855 details
425 2829 446 2850 on
460 2817 489 2850 the
503 2815 586 2858 0¹35?sse
599 2815 665 2860 fstmfll'·
689 2818 745 2853 Flassh
754 2834 790 2858 was
799 2828 855 2861 called

85 2868 97 2913 j‘
103 2864 132 2897 the
141 2866 230 2900 firebrand
238 2868 259 2901 of
269 2867 300 2900 the
312 2865 429 2899 mountainsJ'
452 2862 472 2894 ln
480 2861 506 2894 his
514 2861 568 2893 latter
576 2872 626 2905 years
634 2862 656 2894 he
665 2874 699 2897 tras
712 2867 772 2913 aeting
783 2871 802 2904 in
815 2885 854 2906 con.

82 2909 164 2948 ι1111611011
174 2912 216 2945 with
224 2913 254 2946 the
262 2912 353 2945 Northern
362 2910 413 2945 lrish.

86 2984 87 2987 ,
107 2953 192 2994 ssTaken
201 2957 247 3001 May,
258 2959 307 2991 1595,
334 2957 373 2998 Coc,
381 2967 398 3000 p.
406 2954 446 2986 405.
470 2951 500 2985 No
508 2952 572 2984 record
581 2950 638 2985 other
647 2954 843 3007 unfortunatestepson,
