2237 3535
175 382 208 420 82¹
302 379 436 420 o’sonrnvanr
450 387 550 415 nrsronrn
565 388 690 428 0111101101,
704 381 782 420 10111.
853 380 902 434 [nra.
918 391 946 419 rr.

175 504 251 544 semper
267 502 339 544 puram,
354 486 485 537 sinceramque
500 487 608 526 servaverit.
638 485 699 540 Cujus
711 502 747 541 ego
760 503 837 529 cansam
853 504 899 538 non,
910 489 948 530 nisi

176 546 246 587 divinae
264 541 394 598 providentiae,
414 542 434 579 et
452 538 573 580 miseratione
594 541 739 583 adscribendam
753 543 840 583 arbitror.
877 544 949 597 Neque

176 601 228 642 enim
244 598 343 640 hominum
358 596 408 635 vires
423 598 512 648 potentes
527 610 567 636 esse
582 596 644 646 credo,
660 600 733 638 tantam
752 597 892 639 immanitatem
905 613 949 652 per-

175 657 231 704 ferre,
241 658 260 694 et
269 653 349 701 vincere,
360 650 398 691 nisi
408 663 419 688 a
428 650 471 690 Deo
481 648 567 703 Optimo,
576 651 662 693 Maximo
668 653 765 707 praecipuo
774 652 858 707 quodam
867 667 948 694 munere

176 711 262 764 adjutas:
278 722 289 748 a
299 721 337 760 quo
349 706 409 746 Divus
418 704 511 745 Patritius
520 704 604 747 Iberniae
613 707 687 749 Praeses
696 710 756 749 fertur
765 708 882 762 impetrasse,
892 722 918 748 ne
927 709 948 749 in

176 780 197 805 ea
206 777 292 816 unquam
300 761 357 802 rides
368 759 467 808 Catholica
479 758 570 800 deleatur.
599 762 700 813 Praeterea,
712 762 836 817 qudeberni
844 764 947 816 prosperis,

175 824 194 860 et
211 818 292 872 integris
302 817 358 858 rebus
375 814 482 867 Religionis
498 814 602 856 Catholicae
618 816 698 858 fuerunt
714 818 882 868 observantissimi,
893 831 947 858 nunc

174 874 212 915 illis
222 874 294 914 affectis
304 871 382 912 diversis
392 869 476 910 adversa
485 869 568 910 fortunae
577 871 655 921 ictibus,
665 877 685 913 et
695 873 769 914 obrutis
778 878 809 915 tot
818 887 947 914 aerumnarum

174 928 257 970 eumulis
275 928 329 968 Deus
347 925 461 979 religionem
479 923 572 965 divinitus
588 941 699 968 conservare
715 929 797 970 ridetur.
826 929 896 982 Neque
912 942 948 982 ego

174 998 253 1038 possum
263 983 319 1024 aliam
328 981 386 1034 hujus
395 979 424 1020 rei
433 979 526 1020 rationem
535 980 619 1031 reddere,
631 982 701 1023 divinae
710 985 780 1024 mentis
790 998 868 1025 arcanos
879 997 948 1024 sensus

175 1039 233 1080 altius
243 1037 323 1079 scrutari
331 1050 372 1077 non
381 1049 446 1076 ansus.

202 1093 292 1134 Difficilis
311 1095 339 1133 est
356 1096 376 1131 et
392 1090 426 1130 illa
442 1091 531 1143 quaestio,
548 1105 593 1131 oum
607 1091 674 1133 Iberni
689 1094 730 1134 sint
744 1092 839 1134 Catholici
857 1095 947 1134 constan-

174 1149 250 1198 tissimi,
260 1147 333 1189 artibus
348 1145 394 1187 belli
410 1148 530 1199 praestantes,
545 1160 633 1200 saepeque
647 1161 683 1200 pro
699 1148 737 1189 Dei
751 1148 794 1202 lege
810 1149 866 1189 multi
876 1149 948 1188 ferrum

174 1204 299 1257 susceperint,
310 1216 343 1243 cur
350 1206 414 1242 tamen
425 1215 459 1254 per
468 1214 528 1241 annos
545 1202 626 1254 amplius
636 1204 735 1256 octoginta
749 1203 803 1257 jugis
812 1204 947 1244 haereticorum

175 1259 223 1300 colla
233 1259 329 1299 retrahere
343 1271 384 1297 non
400 1256 521 1309 potuerunt?
550 1256 628 1310 Quippe
637 1257 696 1311 hujus
706 1258 763 1298 etiarn
773 1258 900 1299 dubitationis
915 1271 947 1297 er-

173 1314 252 1368 plieatio
261 1313 331 1367 partim
339 1311 440 1353 recondita
455 1314 489 1360 est,
498 1310 587 1360 Nemini,
597 1326 637 1352 101
646 1313 759 1354 mortalibus
769 1313 872 1367 explorata.
902 1311 948 1356 Qut

173 1374 239 1410 tamen
257 1372 311 1423 parte
327 1368 438 1421 conjectura
455 1369 521 1407 nostra
539 1371 603 1421 potest
621 1367 675 1417 solvi,
695 1383 731 1423 ego
750 1382 812 1410 meam
832 1368 947 1410 sententiam

174 1425 265 1478 prolerre,
275 1438 316 1464 non
325 1422 425 1475 gravabor.

205 1480 260 1520 Siout
268 1479 305 1519 1110
315 1476 421 1518 miserrimt
429 1480 543 1530 tempestate
551 1477 634 1527 haeresis,
644 1482 664 1518 et
673 1482 742 1532 spretae
750 1479 796 1519 fidei
805 1478 866 1519 scelus
876 1478 948 1520 multas

175 1534 227 1575 orbis
237 1533 340 1574 Christiani
348 1532 437 1585 regiones
451 1532 526 1581 invasit,
543 1533 570 1572 ita
586 1533 622 1573 alia
636 1533 715 1586 flagitia,
725 1533 755 1573 his
772 1533 850 1587 quidem
863 1534 944 1583 minora,

174 1590 221 1629 satis
236 1591 301 1629 tamen
316 1601 391 1641 magna,
408 1591 427 1627 et
441 1587 506 1640 gravia
522 1591 598 1640 pectora
613 1587 729 1629 ibernorum
744 1592 868 1642 occuparunt.
897 1588 947 1629 Haec

174 1648 227 1692 sunt,
238 1643 324 1690 ambitio,
333 1643 396 1683 inanis
411 1641 478 1694 gloria,
496 1646 515 1682 et
529 1643 661 1683 homicidium.
689 1643 759 1683 Priscis
769 1644 848 1697 quidem
856 1645 947 1697 tempori-

173 1698 211 1739 bus
220 1698 288 1739 Iberni
304 1697 407 1738 Catholioae
417 1696 462 1736 lidei
477 1696 577 1748 splendore
586 1697 663 1738 lustrati
672 1699 750 1739 fuerunt
760 1699 872 1752 incorrupti,
883 1703 902 1738 et
916 1699 946 1739 in-

174 1753 224 1806 tegri
238 1752 330 1801 moribus,
345 1751 399 1801 reati,
415 1751 501 1804 justique
516 1751 607 1792 cultores.
637 1752 675 1793 Sed
690 1754 730 1807 jam
740 1752 786 1794 olim
795 1753 883 1794 inaudita
892 1756 946 1806 cupi-

174 1809 235 1849 ditate
245 1806 346 1849 obtinendi
354 1807 484 1860 possessiones
493 1806 572 1859 amplas,
584 1811 603 1848 et
618 1807 639 1847 in
653 1809 688 1848 sut
698 1808 779 1861 quisque
788 1807 861 1849 familit
874 1809 946 1862 prinoi-

174 1878 219 1917 pem
239 1863 310 1911 locum,
328 1864 421 1902 arserunt.
461 1859 514 1902 Hinc
530 1863 669 1912 contentiones,
688 1863 738 1912 odia,
758 1863 815 1913 bella,
835 1863 945 1913 domestica,

173 1918 250 1972 praedae,
261 1917 424 1971 depopulationes,
435 1921 454 1955 et
463 1915 483 1955 id
492 1930 553 1968 genus
564 1921 652 1958 sexcenta
661 1918 717 1967 mala,
727 1922 792 1959 secuta
802 1922 854 1959 sunt.
876 1918 947 1971 Neque

173 1974 225 2016 enim
235 1973 293 2013 modb
302 1973 348 2013 novi
356 1971 430 2020 1100111,
439 1974 512 2011 veteres
528 1972 651 2024 impetebant,
662 1977 682 2013 et
698 1973 721 2014 ab
736 1972 774 2014 illis
788 1973 857 2014 mntub
866 1974 946 2026 impete-

172 2028 255 2077 bantur,
271 2027 306 2068 sed
321 2027 367 2068 nori
383 2040 450 2075 novos,
468 2029 487 2066 et
503 2030 575 2067 veteres
592 2027 624 2068 alii
639 2027 693 2077 alios,
709 2032 728 2068 et
744 2029 830 2081 plerique
847 2032 946 2081 magnates

173 2083 265 2124 finitimos
285 2080 438 2136 impugnabant:
454 2095 475 2121 10
493 2082 552 2122 etiam
568 2083 712 2136 eonsanguinei,
731 2097 820 2137 saepeque
838 2084 906 2123 fratres
923 2084 947 2125 de

172 2138 238 2192 parvis
247 2141 302 2178 terrae
310 2136 416 2191 jugeribus,
432 2136 456 2176 de
466 2136 507 2177 aliis
521 2137 680 2190 possessionibus,
691 2138 715 2178 de
725 2138 841 2178 contumelia
850 2139 899 2179 ferro
915 2153 946 2179 ex-

172 2192 302 2247 periebantur,
313 2192 345 2233 alii
362 2192 443 2232 aliorum
453 2192 497 2232 vitae
507 2190 586 2232 minime
595 2195 700 2246 parcentes.
729 2191 782 2232 Hinc
792 2207 836 2233 curn
846 2193 946 2235 hominum

173 2251 251 2302 peecata
260 2248 325 2302 regnis
334 2247 430 2288 excidium
440 2246 513 2287 soleant
523 2246 594 2296 afferre,
607 2261 668 2300 aequo,
677 2247 821 2301 justissimoque
828 2247 864 2289 Dei
872 2248 946 2302 judicio

173 2304 289 2357 permissum
299 2307 333 2351 est,
343 2306 372 2352 ut,
383 2302 417 2355 qui
427 2303 451 2342 ob
468 2301 519 2343 bona
534 2306 609 2343 terrena
624 2307 665 2342 tam
680 2301 753 2355 injusti,
763 2303 848 2343 crudeles
857 2309 877 2344 et
891 2304 946 2358 impii

173 2359 206 2399 alii
214 2358 236 2398 in
245 2358 292 2399 alios
301 2358 386 2407 fuerunt,
397 2357 456 2398 iidem
470 2357 527 2398 rebus
541 2357 631 2398 omnibus
648 2355 672 2396 ab
683 2357 723 2397 aliis
733 2357 804 2411 inique,
815 2362 834 2399 et
844 2358 946 2400 crudeliter

173 2417 274 2463 eruantur,
285 2413 319 2467 qui
328 2413 390 2453 aliena
404 2413 545 2466 appetiverunt,
555 2412 575 2453 hi
592 2427 627 2453 sua
639 2412 741 2452 amittant:
757 2413 790 2466 qui
798 2414 885 2454 fortunas
893 2414 946 2467 juste

174 2468 258 2510 diuidere
268 2473 288 2509 et
296 2468 364 2521 partiri
380 2467 490 2517 noluerunt,
506 2469 527 2509 hi
542 2467 615 2509 nullam
624 2470 699 2520 partem
708 2467 828 2509 fortunarum
837 2471 944 2510 retineant:

173 2538 216 2577 quae
226 2527 277 2564 terra
293 2523 447 2572 domesticorum,
462 2523 641 2577 consangineorum,
657 2521 737 2562 fratrum
754 2537 820 2565 errrore
836 2526 897 2565 tincta
909 2528 945 2574 est,

174 2579 246 2619 eisdem
264 2578 297 2619 1111
316 2578 405 2632 adempta
423 2577 448 2618 ab
467 2579 550 2619 externis
569 2577 702 2631 possideatur:
726 2582 744 2617 et
764 2593 806 2632 quae
825 2579 945 2620 miseriarum

122 2658 152 2700 [74
175 2634 257 2674 maxima
267 2638 301 2683 est,
313 2633 333 2673 in
349 2633 452 2674 discrimen
467 2633 566 2674 deserendi
585 2632 705 2684 Religionem
720 2632 856 2687 Catlrolicam,ll
868 2634 944 2687 Deique

154 2684 158 2693 '
174 2688 228 2728 eultn
245 2688 269 2729 ob
286 2689 327 2729 haec
341 2692 420 2742 peecata
436 2688 474 2729 sint
489 2688 574 2729 deducti.
603 2686 662 2730 and
679 2691 741 2729 autem
755 2704 791 2743 ego
808 2687 961 2731 1110001111111

174 2743 259 2795 divulgo,
269 2743 286 2784 si
295 2744 326 2784 oui
334 2745 400 2784 forsan
413 2757 500 2784 meorum
516 2743 586 2797 gravis
596 2745 616 2782 et
625 2741 716 2783 molestus
725 2744 785 2793 fuero,
796 2745 846 2785 hane
856 2744 944 2796 (obsecro

173 2812 208 2851 per
217 2797 288 2849 Deum)
298 2799 373 2840 veniam
383 2799 416 2838 det
425 2799 478 2849 mihi,
489 2799 545 2852 eujus
561 2800 590 2837 est
603 2811 643 2837 non
657 2798 720 2839 minus
729 2799 816 2849 virtutes,
830 2799 888 2852 quam
897 2800 944 2842 vitia

172 2853 248 2902 referre,
258 2857 281 2893 ut
289 2854 322 2894 illa
328 2853 385 2895 laude
394 2853 501 2903 efferantur,
508 2854 550 2894 haee
560 2852 659 2905 supplicio,
669 2853 734 2896 saltem
745 2854 862 2907 posteritatis
870 2854 943 2908 judicio

172 2908 284 2961 puniantur.
312 2910 341 2950 Aa
351 2909 373 2949 eb
390 2909 467 2962 quidem
484 2909 526 2949 haec
542 2907 622 2948 tacenda
636 2907 715 2949 minime
732 2909 784 2959 duri,
794 2910 860 2963 utqui
877 2924 942 2965 super-

173 2977 240 3004 sumus
259 2962 330 3012 lberni,
351 2963 441 3005 acerbum
466 2963 569 3016 flagellum,
595 2963 716 3017 divinamque
739 2964 844 3006 vindictam
862 2968 944 3020 experti,
