2237 3535
115 434 158 462 cnr.
175 421 200 473 n]
295 434 331 461 suu
347 434 444 472 5555155,
460 436 556 463 5551555
572 435 595 462 nr
610 435 684 462 55515,
860 422 883 460 85

114 545 159 570 rum
178 529 269 578 moribus,
289 533 346 583 atque
364 532 438 586 legibus
457 534 554 581 vixerunt,
571 535 592 572 ut
609 531 712 580 Giraldini,
728 530 791 571 Bnrhi
808 533 828 570 et
847 529 885 570 alii.

114 585 188 625 Verum
198 585 258 638 aliqui
274 599 296 625 er
311 587 425 639 primoribus
442 587 617 642 Anglo-Hibcrnis,
634 586 665 627 vel
675 586 709 639 qui
718 585 825 639 Anglorum
841 599 886 625 con-

113 641 236 681 suetudinem
245 641 371 692 retinuerunt,
380 643 471 684 Ecclesiae
491 642 547 682 bonis
558 656 601 682 suas
610 641 740 695 possessiones
750 643 852 689 auxerunt,
867 642 886 679 et

113 696 130 735 si
140 696 265 749 caetero-quin
275 694 366 738 Catholici
375 698 468 739 fuerint.l
495 697 564 738 Novas
573 696 618 737 verb
627 696 748 736 haereditates
761 710 785 735 cn
794 694 886 735 Ecclesiae

113 750 221 791 substantia
230 749 267 790 sibi
276 757 408 805 compararunt
425 753 491 807 Angli,
503 757 522 793 et
537 752 594 793 etiam
604 750 763 805 Anglo-Hiberni
777 750 851 803 inopes,
867 753 886 789 et

113 805 196 854 obscuri,
213 806 247 859 qui
261 805 392 849 Ecclesiastico
405 810 454 862 jura,
472 808 503 848 vel
519 811 612 857 emerunt,
628 807 660 847 vel
676 805 763 847 beneficii
778 805 821 845 loco
841 807 886 844 sunt

113 861 216 901 assecutis
229 860 306 914 regibus
316 862 397 916 Anglisc,
408 864 438 904 vel
448 863 485 904 alio
501 863 559 904 modo
569 862 718 916 acquisiverunt.
748 860 785 900 His
796 860 885 913 demptis,

113 916 177 956 caeteri
196 915 279 956 Hiberni
297 917 357 970 probi,
377 923 397 958 et
415 918 491 960 honesti
509 919 552 967 viri,
572 916 655 958 maxime
674 916 771 971 principes
790 914 885 956 Eeclesias

113 975 184 1020 sancta,
195 971 281 1025 spoliare,
291 971 420 1027 violentesque
430 988 497 1014 manus
506 974 528 1014 in
538 988 589 1014 sacra
596 973 680 1027 injicere,
690 969 770 1012 minime
777 970 886 1011 sibitutum

112 1026 154 1066 fore
164 1026 301 1067 existimarunt.

140 1081 213 1121 Mirum
223 1085 257 1131 est,
268 1081 319 1135 qubd
334 1082 421 1123 Rolando
431 1083 520 1123 uastatio
537 1083 675 1124 Kilchullinnae
683 1081 798 1123 Vieeoomiti
809 1080 884 1121 accidit.

112 1135 139 1185 Is,
150 1150 194 1176 cum
203 1136 288 1190 alioquin
302 1137 371 1178 fuisset
387 1137 498 1178 Catholicus
513 1137 582 1187 bonus,
601 1142 620 1178 et
631 1138 682 1191 pius,
692 1141 757 1178 tamen
769 1137 799 1190 (ut
809 1135 882 1189 accepi)

111 1192 248 1232 monasterium
264 1191 342 1232 Ordinis
358 1193 405 1233 Divi
414 1192 507 1232 Bernardi
518 1192 555 1231 sibi
564 1192 691 1245 adjudicavit:
706 1207 742 1232 nec
752 1192 786 1232 din
795 1195 840 1245 post
850 1204 884 1244 per

111 1246 193 1298 quietern
210 1246 259 1287 vidit
276 1247 370 1300 quendam
386 1246 424 1287 sibi
439 1246 567 1295 minitantem,
578 1250 596 1287 et
613 1261 690 1287 carmen
699 1246 826 1287 Hibernicum
835 1246 883 1286 reie-

111 1305 190 1351 rentem,
207 1302 262 1354 eujus
276 1302 317 1341 haec
332 1305 360 1342 est
377 1301 479 1341 sententia.
509 1304 522 1321 “
529 1301 572 1341 Tua
586 1301 682 1354 cupiditas
696 1301 800 1341 invadendi
808 1314 883 1354 posses-

111 1356 174 1396 siones
189 1356 281 1396 Ecclesiae
296 1356 392 1409 relinquet
408 1356 429 1395 in
448 1355 540 1395 servitute
555 1358 599 1395 tuos
616 1370 683 1409 pagos,
701 1359 721 1395 ct
736 1356 798 1404 155151,
813 1359 836 1394 51
849 1359 883 1395 tua

111 1411 168 1464 stirps
177 1415 242 1465 pereat
252 1411 319 1459 omnis,
330 1414 352 1450 51
369 1410 447 1450 frondes
463 1424 487 1450 ex
505 1409 544 1450 alto
555 1407 667 1464 'praecipitio
683 1409 793 1451 cadentes.”
822 1409 884 1450 11115

111 1471 172 1507 metro
180 1480 256 1520 quoque
270 1480 306 1506 nos
315 1465 431 1519 protulimus
441 1482 475 1505 :—

272 1579 315 1618 Quae
321 1577 351 1620 jus
359 1576 445 1611 Ecclesiae
450 1576 529 1621 pervasit
537 1587 591 1610 avara
600 1575 671 1620 cupido,

316 1623 352 1656 1115
359 1623 411 1667 gravi
418 1633 473 1666 pagos
482 1621 570 1666 opprimet
578 1632 612 1655 aere
621 1626 671 1654 tuos:

270 1669 296 1702 Et
304 1668 360 1705 dabit,
370 1672 391 1701 51
399 1666 458 1701 subitd
467 1667 536 1701 soboles
544 1672 575 1700 155
583 1670 656 1699 corruat
664 1665 727 1705 omnis,

314 1713 341 1746 Ut
349 1712 393 1746 folia
400 1712 449 1746 aerio
457 1711 569 1757 praecipitata
576 1711 622 1745 loco.

109 1816 167 1862 Quod
176 1816 204 1856 ite
213 1813 270 1868 plane
280 1814 367 1867 contigit.
397 1812 448 1852 Nam
464 1812 479 1852 J
479 1812 541 1853 aimus
556 1811 656 1852 Eustatins
665 1810 789 1851 Vicecomitis
799 1808 883 1850 Rolandi

107 1873 164 1921 filius,
175 1875 194 1911 et
209 1870 276 1918 haeres,
292 1868 315 1909 ab
331 1867 401 1921 Anglis
415 1881 459 1907 cum
476 1867 518 1908 aliis
533 1881 573 1907 suae
582 1866 659 1907 familiae
669 1866 730 1921 gradu
740 1865 825 1919 dejectus
837 1863 882 1905 exul

109 1928 159 1968 diem
171 1926 236 1974 obivit,
246 1928 270 1964 ut
278 1924 357 1964 inferitis
367 1922 502 1963 indicabimus.

433 2187 492 2229 eli).
511 2187 542 2227 11.

106 2310 218 2355 Religionem
235 2307 345 2342 Catholicam
353 2306 412 2340 delere
426 2305 486 2351 Reges
493 2304 578 2349 Angliae3
591 2316 697 2338 conservare
713 2303 773 2337 Iberui
787 2309 878 2349 magnates

433 2351 522 2384 nituntur.

104 2462 184 2504 Irnoun
203 2457 302 2510 Principes
320 2456 409 2505 Hiberni,
419 2455 442 2496 iis
451 2468 499 2507 qnos
517 2454 606 2504 diximus,
622 2453 717 2503 exclusis„
728 2467 771 2493 cum
780 2453 877 2496 Ecclesias

103 2514 183 2557 minime
198 2513 319 2562 invasissent,
336 2512 370 2553 sed
379 2510 444 2565 potiris
452 2509 597 2550 Ecclesiasticos
607 2512 762 2550 conservassent:
777 2508 820 2549 illas
834 2510 876 2562 pol-

102 2572 168 2621 luere,
183 2570 219 2610 hos
233 2567 318 2622 perdere,
337 2567 458 2621 Religionem
477 2564 596 2605 Oathoficam
615 2565 728 2617 extinguere
751 2563 815 2603 moliti
830 2569 876 2606 suut

102 2626 179 2680 Angliae
195 2625 259 2677 Reges
278 2622 381 2671 Henriens,
393 2626 412 2663 et
430 2618 536 2662 Edvardus.
566 2618 615 2663 Qure
624 2619 709 2660 facinora
717 2618 771 2671 prins
780 2621 876 2662 excerceri

123 2740 131 2756 ⁸
144 2740 167 2773 In
179 2739 210 2772 the
223 2737 329 2783 parliament
336 2736 379 2770 held
386 2736 437 2770 An).
448 2737 497 2776 1556,
511 2733 643 2776 1551555115,
652 2734 753 2779 thegrants
766 2735 787 2768 51
799 2736 874 2771 Ghurch

101 2788 187 2828 property
194 2784 245 2817 made
254 2787 273 2816 to
285 2783 354 2827 laymen
366 2782 424 2815 under
432 2782 466 2815 and
474 2781 520 2814 after
528 2779 558 2812 the
566 2779 617 2823 reign
625 2780 646 2813 51
655 2779 719 2824 Henry
727 2780 783 2815 VIII.
792 2793 823 2816 are
832 2794 874 2816 oon-

100 2827 168 2869 firmes,
176 2829 212 2862 and
219 2829 263 2862 with
276 2828 306 2861 the
318 2827 435 2872 approbatiou
448 2827 469 2860 51
480 2826 530 2870 Pope
543 2824 588 2857 Paul
596 2824 632 2858 IV.
655 2824 689 2858 Dr.
700 2826 761 2870 Lynch
770 2831 826 2860 states
834 2828 874 2862 that

39 2867 40 2870 '
101 2871 183 2906 fourteen
191 2874 254 2907 abbots
267 2877 295 2906 551
309 2873 328 2906 15
341 2873 382 2906 that
394 2872 511 2917 parliament3
525 2869 559 2903 and
572 2869 599 2902 six
607 2881 627 2902 or
635 2880 688 2903 seven
696 2871 751 2904 heads
760 2872 781 2905 of
791 2873 875 2907 different

101 2916 186 2960 religious
194 2919 262 2957 orders,
270 2918 310 2951 who
318 2919 400 2951 assented
412 2922 431 2951 15
442 2917 471 2950 the
485 2920 519 2950 act.
545 2913 572 2948 To
586 2914 622 2948 this
628 2914 660 2948 the
668 2915 719 2949 Four
728 2916 807 2951 Masters
815 2918 874 2952 allude

100 2959 151 2992 when
158 2963 238 3008 praising
246 2964 310 2997 Pieree
318 2963 390 3002 Butler,
398 2963 438 2996 who
452 2962 482 2995 did
490 2964 522 2994 not
530 2971 596 3005 possess
605 2972 639 2994 555
646 2972 705 3005 penny
717 2963 737 2996 of
746 2963 777 2997 the
789 2969 875 3010 property

100 3004 120 3037 of
130 3004 160 3038 the
170 3006 243 3041 Ohurch
253 3009 273 3042 51
284 3008 324 3043 sos
333 3010 353 3052 hy
361 3008 408 3052 right
417 3008 439 3053 of
444 3019 489 3052 pope
497 3018 516 3041 or
526 3006 592 3051 prince.
606 3005 653 3041 AJ).
665 3008 716 3041 1566.
