2237 3535
270 362 309 400 160
406 361 538 402 o'sonnnvrru
553 371 654 399 nisronnn
669 372 793 410 carnonrorn,
808 373 855 400 rori.
871 372 903 399 in.
950 358 999 409 [run.
1015 371 1038 398 rr.

269 471 367 523 equitatus
383 475 455 526 partem
471 468 597 517 ductitaverit,
608 466 677 507 vadum
689 483 733 509 curn
747 469 843 523 equitibus
853 468 984 517 transmiserit,
994 468 1039 509 Mac

270 525 384 567 Guierianos
399 527 420 566 in
435 526 501 577 fugam
510 522 593 571 verterit,
603 522 710 575 periculum
725 524 825 573 adierit&
839 524 909 565 vulnus
925 523 1039 576 acceperint·

270 580 302 621 Ob
311 582 332 621 id
342 596 353 622 a
362 580 446 633 Bagnale
461 581 546 630 rogatus,
563 581 584 617 vt
598 577 667 617 litteris
682 577 776 630 reginam,
794 580 809 619 ta
825 593 924 633 protegam
939 577 963 618 de
978 579 1038 631 ipsius

270 636 341 675 virtute
356 636 425 675 faceret
441 633 546 683 certiorem,
562 647 582 672 se
598 632 636 672 illis
653 646 717 672 coram
733 647 799 673 verum
818 633 914 674 dicturum
932 634 1037 686 respondit.

270 690 396 739 O'Donellus,
407 689 441 741 qui
457 701 501 729 cum
518 687 603 728 uberiore
619 687 713 740 equitatu,
722 686 866 738 bombardariis,
878 689 983 730 &hastatis
992 687 1037 728 Mac

271 744 335 784 Guieri
346 744 442 798 suppetias
451 742 498 790 ibat,
509 742 533 783 ad
542 747 618 782 noctem
628 746 672 795 post
681 756 767 796 pugnam
776 743 846 783 factam
852 744 943 797 pervenit,
953 743 1037 784 hostem-

269 812 305 851 que
314 799 418 847 invaderet,
428 798 466 838 nisi
475 811 509 851 per
517 797 649 838 internuncios
663 812 674 837 a
684 797 755 837 Tirone
770 797 817 838 clam
831 803 937 852 rogaretur,
948 802 968 838 rt
977 798 1036 851 ipsius

268 853 334 893 salutis
344 854 436 894 rationem
446 853 531 901 haberet,
541 855 668 905 protestantes
675 866 715 892 non
721 853 877 902 circumveniens,
888 855 934 894 dum
943 854 963 894 in
972 867 1037 894 eorum

267 909 333 948 castris
342 908 383 962 ipse
393 911 447 957 osset,
458 922 501 961 quae
515 907 553 947 citb
569 906 619 947 foret
634 906 749 956 deserturus,
759 910 782 946 ut
791 906 887 949 deseruit:
903 923 947 949 nam
960 909 1036 957 timens

266 976 290 1003 ne
301 962 407 1017 taBagnale
416 962 497 1003 vinculis
513 961 642 1010 mandaretur,
657 962 707 1001 &ad
723 975 822 1016 proregem
838 964 915 1003 vinctus
931 964 1038 1004 traheretur

268 1019 297 1071 (vt
304 1018 379 1070 Jussum
396 1018 455 1058 fuisse
471 1016 590 1070 credebatur)
602 1018 625 1057 et
634 1020 690 1057 nocte
700 1032 711 1057 e
720 1018 787 1057 castris
800 1018 876 1057 saucius
890 1019 942 1071 fugit
950 1018 972 1058 in
981 1018 1036 1058 Dun-

266 1074 370 1126 gauinnam
386 1072 513 1126 municipium
523 1085 586 1121 suum,
595 1071 629 1112 vbi
637 1071 781 1113 medicamentis
790 1071 880 1112 adhibitis
890 1072 943 1113 brevi
953 1077 1035 1114 curatur.

265 1127 340 1169 Eodem
355 1132 440 1182 tempore
456 1126 563 1167 Richardus
579 1126 699 1179 Binghamus
714 1126 829 1167 Connachtae
843 1128 944 1180 praefectus
954 1128 1035 1168 Iniskel-

264 1182 338 1224 linnam
354 1184 415 1236 magis
423 1182 516 1223 intestina
525 1181 639 1235 proditione,
655 1181 712 1235 quam
726 1183 745 1222 vi
756 1182 811 1236 capit.
840 1182 870 1222 Ea
885 1183 949 1223 insula
958 1187 987 1223 est
996 1198 1036 1224 non

265 1252 335 1291 magna
344 1238 405 1279 Ernio
413 1237 457 1278 lacu
467 1237 535 1285 cincta,
542 1237 563 1276 in
571 1238 609 1290 qut
618 1236 665 1277 Mac
672 1236 733 1277 Guier
740 1251 802 1277 arcem
812 1236 884 1291 duplici
894 1237 943 1278 vallo
954 1239 1036 1279 cinctam

264 1293 348 1334 tenebat.
377 1293 403 1333 ln
412 1292 462 1333 hanc
470 1292 591 1345 Binghamus
601 1291 661 1344 copiis
670 1292 691 1332 in
699 1291 811 1333 Gomrachtt
816 1292 929 1345 conscriptis
936 1307 960 1332 er
966 1293 1035 1347 Anglis

265 1348 344 1401 aliquot,
354 1348 388 1389 sed
397 1347 473 1388 lbernis
482 1346 569 1400 pluribus
585 1346 688 1387 Catholicis
706 1346 761 1401 signa
774 1346 862 1388 militaria
876 1347 971 1400 pedestria
980 1349 1035 1400 quin-

265 1403 361 1453 decim&
380 1402 475 1456 equestria
492 1405 573 1455 quatuor
588 1416 623 1456 per
639 1401 751 1442 Brethniam
769 1401 868 1443 O’Ruarlri
882 1402 975 1442 ditionem
989 1407 1035 1442 tunc

264 1459 355 1511 temporis
371 1462 451 1507 vastam,
468 1460 526 1510 atque
541 1457 635 1511 direptam
648 1457 745 1510 perduxit,
762 1459 865 1510 rectisque
879 1457 1004 1511 pontonibus,
1020 1459 1035 1498 b

264 1513 360 1567 phasellis,
371 1527 433 1553 arcem
448 1512 515 1552 diebus
532 1512 605 1564 aliquot
620 1512 691 1551 frustra
706 1518 811 1565 oppugnat,
827 1513 920 1553 militibus
937 1514 1035 1565 octoginta

264 1569 335 1621 magna
344 1569 415 1608 virtute
424 1566 604 1621 propugnantibus:
619 1567 671 1607 haud
681 1566 752 1606 dubius
760 1568 782 1607 in
791 1581 866 1608 cassum
876 1581 895 1607 se
905 1569 953 1608 vires
966 1567 1034 1607 diffun-

265 1623 315 1672 dere,
326 1623 370 1663 dato
379 1624 442 1676 signo,
452 1626 604 1675 propugnatores
619 1622 644 1661 ad
659 1621 776 1675 colloquium
789 1625 886 1675 provocat,
914 1623 947 1663 Ad
961 1637 1006 1663 eum
1014 1624 1035 1663 in

264 1680 326 1718 castra
335 1677 401 1731 prodit
410 1691 459 1717 vnus
469 1691 509 1716 non
519 1678 563 1717 satis
573 1691 643 1730 genere
649 1680 713 1726 notus,
720 1676 754 1717 sed
760 1677 791 1717 oui
796 1681 947 1730 propugnatores
953 1678 1034 1718 maxime

264 1747 318 1772 suam
337 1732 424 1780 salutem,
442 1732 459 1772 tc
478 1745 540 1771 arcem
557 1730 665 1780 credebant,
681 1731 733 1785 qubd
748 1731 799 1784 apud
814 1732 861 1773 blac
874 1732 964 1773 Guierem
979 1733 1033 1773 fami-

263 1787 345 1828 liaritate
372 1787 477 1840 plurimum
505 1786 586 1836 valebat,
611 1786 635 1827 ab
664 1800 724 1840 eoque
753 1786 807 1827 donis
835 1787 944 1828 ornabatur.
973 1787 1033 1828 Filius

262 1856 332 1895 porca,
346 1842 377 1883 vel
401 1841 487 1894 scrophae
506 1841 683 1895 cognominabatur,
703 1855 738 1882 nec
757 1841 874 1896 incongrue:
898 1857 943 1883 nam
956 1848 1034 1897 praeter-

263 1911 327 1950 quam,
345 1898 398 1950 quod
411 1897 485 1937 staura
499 1901 539 1937 erat
552 1896 666 1949 inelegante,
685 1898 702 1938 lc
717 1896 765 1937 facie
779 1897 867 1947 difformi,
876 1897 905 1937 illi
921 1898 977 1939 etiam
995 1900 1033 1939 duo

263 1951 395 1993 columellatos
403 1952 469 1991 dentes
479 1965 511 1991 ore
517 1952 650 2005 prominebant
656 1952 727 1993 similes
737 1952 783 2002 suis,
792 1953 823 1993 rel
832 1954 874 2007 apri
879 1952 999 1994 fulminibus.
1014 1956 1033 1994 A

261 2007 371 2061 Biughamo
376 2005 540 2060 promissionibus,
547 2007 874 2062 atquedonisoorruptusdcvictus,
880 2013 1033 2062 postquamcum

261 2077 283 2103 eo
294 2063 367 2111 statuit,
378 2060 539 2115 quemadmodum
545 2062 570 2101 sit
577 2061 763 2115 arcemproditurus,
773 2062 796 2103 ad
806 2067 961 2116 suos,tamquam
971 2079 1032 2105 arcem

261 2118 285 2158 ad
294 2116 445 2158 internecionem
462 2116 581 2165 defensurus,
598 2117 673 2156 redirit.
702 2117 822 2170 Binghamus
838 2118 959 2158 induciarum
969 2121 1031 2173 spacio

259 2176 356 2213 transacto
366 2186 418 2213 more
435 2171 492 2212 solito
509 2185 571 2211 arcem
581 2175 686 2223 oppugnat.
715 2171 870 2224 Propugnatores
885 2187 938 2213 suam
951 2176 1032 2228 quisque

259 2231 333 2281 partem
343 2231 437 2268 tutantur.
466 2225 528 2267 Filius
538 2226 630 2279 scrophae,
639 2226 693 2279 quasi
703 2226 807 2275 fertitem&
817 2226 902 2268 animose
908 2227 1031 2270 dimicaturus

260 2297 301 2324 sese
310 2284 332 2323 in
347 2282 438 2323 exteriore
454 2281 504 2322 vallo
513 2280 603 2322 hostibus
613 2285 703 2321 ostentat.
733 2280 762 2320 Hi
770 2281 823 2321 illum
833 2296 903 2335 magno
913 2285 989 2338 agmine
999 2300 1030 2339 ag.

259 2337 380 2391 grediuntur.
408 2336 445 2377 llle
455 2350 479 2377 er
488 2336 594 2390 composito
604 2335 680 2389 fugiens
689 2336 754 2376 locum
765 2336 861 2378 defensore
870 2338 945 2379 nudum
955 2340 1030 2390 deserit,

260 2394 385 2446 &tamquam
402 2406 442 2432 sese
456 2392 555 2446 recipiens,
565 2391 586 2431 in
597 2391 702 2431 secundum
712 2390 783 2431 vallum
798 2391 883 2433 celeriter
892 2394 977 2436 confert:
993 2396 1031 2449 qub

259 2449 316 2489 etiam
325 2446 451 2501 sequentibus
460 2446 548 2487 hostibus
557 2446 632 2487 aditum
638 2446 739 2499 permittit,
748 2446 795 2486 arcis
800 2451 875 2501 portam
881 2448 965 2500 subiens,
973 2463 1031 2503 qnam

257 2503 351 2557 ingresso,
360 2502 415 2542 miles
425 2501 459 2555 qui
469 2501 493 2542 ad
501 2507 577 2555 portam
585 2502 607 2542 in
624 2500 739 2541 stationibus
755 2504 799 2551 erat,
813 2503 933 2544 venientibus
942 2504 1031 2546 hostibus

257 2562 334 2611 portam
350 2557 444 2606 claudere,
455 2557 471 2596 dr
482 2556 567 2598 obserare
583 2557 675 2597 festinat:
691 2555 725 2595 scd
733 2555 788 2596 illum
796 2557 847 2598 filius
864 2559 950 2611 scrophae
964 2562 1029 2601 stricto

257 2614 307 2653 ferro
324 2612 449 2666 percutiendo
464 2612 519 2652 humi
534 2617 622 2653 sternens
637 2610 736 2664 patefactis
749 2610 821 2652 foribus
830 2613 896 2654 hostes
905 2613 985 2664 inducit,
997 2617 1030 2670 qui

257 2671 410 2722 propugnatores
418 2681 485 2707 omnes
494 2670 563 2721 praeter
572 2666 691 2721 proditorem
697 2666 833 2708 interemerunt
842 2686 846 2709 ι
858 2672 877 2708 et
883 2683 943 2718 senes,
953 2684 1029 2723 pueros,

258 2727 316 2776 atque
325 2723 416 2771 feminas,
428 2722 492 2775 quiin
502 2736 562 2762 arcam
579 2722 705 2773 confugerant
716 2734 738 2760 ex
755 2722 833 2764 sublicio
843 2728 907 2777 ponte,
919 2737 957 2777 quo
967 2726 1029 2767 insula

258 2792 302 2819 cum
318 2778 428 2818 continente
445 2777 604 2831 conjungebatur,
621 2775 728 2830 praecipites
742 2776 840 2819 dederunt.
869 2778 943 2820 Locato
956 2780 978 2829 in
987 2796 1029 2821 arce

279 2909 287 2924 ⁸
299 2908 349 2941 Four
358 2906 440 2948 Masters,
448 2918 466 2950 p.
478 2908 527 2940 1941.
552 2906 585 2939 see
594 2904 631 2938 Mr.
646 2904 768 2939 O'Donovan's
775 2912 824 2941 notes
832 2908 883 2943 there
891 2919 914 2942 on
925 2910 955 2943 the
965 2911 1028 2944 dissen-

257 2952 303 2985 sicns
312 2952 332 2984 of
338 2952 407 2996 Bagnal
416 2953 450 2985 and
459 2952 543 2995 Tyrone;
556 2951 593 2984 also
602 2950 647 2991 Gor,
655 2961 671 2994 p.
679 2952 719 2983 403.
771 2987 772 2990 Ἴ
