2237 3535
258 378 296 416 ate
383 378 517 418 o'snnnnvarvr
532 387 633 414 rusrcurrn
648 389 772 426 carrucarum,
782 389 823 417 rou
833 389 865 415 nr.
925 376 975 428 [cru.
990 389 1028 416 vrr.

257 500 299 525 cum
316 487 418 536 haereticis,
436 490 535 527 eteorum
551 484 658 524 fautoribus
676 500 710 526 uos
725 501 792 527 manus
807 487 902 527 conserere
916 486 1029 539 cogitemus,

257 541 307 581 nihil
321 543 411 582 timentes
427 542 503 581 inanem
518 540 602 579 hostium
618 540 769 591 multitudinem,
780 543 812 595 qui
828 556 867 582 non
882 546 995 582 concurrent
1005 543 1030 581 ad

257 610 298 636 rem
308 597 410 650 gerendam
420 599 454 645 tot,
465 598 513 649 quot
523 608 558 634 nos
568 608 640 642 eumue,
651 594 723 635 nedum
736 602 776 636 tam
783 601 901 651 praestantes.
931 595 984 639 Quin
997 612 1029 637 eos

257 655 311 704 terga
320 652 398 691 <laturos
411 664 472 704 spero,
487 663 532 689 enm
541 662 577 690 nos
586 649 665 690 adverso
682 649 738 689 vultu
747 651 856 693 resistentes
866 651 997 705 cognoverint,
1008 657 1030 691 ut

256 720 290 746 vos
299 706 342 755 fide,
352 706 465 759 fortiterque
474 705 558 745 facturos
568 703 643 757 spero.'’
656 703 659 710 ’

284 760 360 804 Quibus
374 759 436 800 verbis
453 759 592 800 O’Sullevanus
610 759 666 799 finem
676 759 708 798 vix
717 758 815 812 imposuit,
827 775 870 802 eum
879 763 900 802 iu
911 775 954 802 eum
963 762 1028 815 regius

256 816 351 868 equitatus
360 815 429 855 laxatis
438 815 518 855 habenis
527 813 630 863 invehitur,
640 813 714 867 pedites
723 814 784 854 hastis
793 817 909 869 transfigere,
921 822 939 857 et
948 816 1027 870 ungulis

255 883 348 923 equorum
357 875 424 919 terere,
435 871 548 922 ordinesque
557 867 636 909 turbare
645 883 722 910 conans
750 869 821 910 Infesti
828 872 924 924 equitatus
933 873 1027 925 impetum

256 924 394 965 O⁷Sullevanus
411 925 540 965 declinaturus
555 938 588 977 per
605 924 675 972 locum,
691 924 724 977 qui
733 924 831 977 proximus
841 930 881 966 erat
890 927 997 976 humidum,
1008 932 1027 966 et

253 979 371 1033 uliginosum
388 980 413 1020 ad
428 994 498 1028 ramim,
516 983 536 1019 et
551 979 624 1019 humile
638 978 747 1019 arboretnm
761 993 827 1019 versus
836 995 876 1020 non
885 981 943 1035 longe
953 982 1026 1022 distans

253 1037 312 1075 aciem
322 1036 381 1076 ducit.
398 1035 478 1088 Equites
487 1035 536 1087 regii
546 1034 569 1074 ad
578 1034 637 1087 pedes
648 1033 782 1074 descendentes
792 1049 835 1075 cum
844 1036 925 1076 hastatis
935 1038 973 1077 suis
985 1051 1026 1077 sese

254 1090 388 1144 conjungunt:
404 1095 423 1130 et
438 1090 516 1143 utrique
532 1103 566 1142 per
584 1089 678 1142 uliginem
692 1093 789 1129 currentes
804 1089 953 1131 O’Sullevanum
972 1096 1005 1132 ant

252 1151 331 1195 vertere,
342 1149 362 1185 et
376 1145 485 1186 arboretum
500 1158 632 1198 praeoccupare
647 1149 756 1197 properant,
772 1145 812 1185 acie
820 1145 859 1197 jam
869 1160 909 1186 non
919 1147 963 1186 satis
973 1161 1024 1187 conn-

252 1201 321 1253 posita,
338 1201 415 1241 ordines
429 1201 520 1241 laxantes.
550 1199 607 1252 Regii
621 1199 666 1239 verb
682 1198 810 1240 bombardarii
829 1199 951 1241 O’Sullevani
969 1204 1025 1254 terge

253 1256 320 1296 acriter
329 1257 409 1296 instant.
437 1256 521 1308 inques
539 1253 677 1294 O'Sullevanus
694 1254 812 1295 Gulielmum
826 1254 915 1307 Burlrum
925 1270 968 1296 cum
978 1271 1024 1310 qua-

253 1310 341 1363 draginta
350 1311 451 1364 sclopistis‚
462 1311 529 1358 mittit,
540 1310 572 1361 qui
588 1309 743 1349 fulminatoribus
754 1315 835 1362 quatuor
845 1310 906 1351 decim
917 1312 990 1351 amissis
1000 1311 1024 1351 ab

252 1366 312 1406 hostis
322 1366 446 1406 multitudine
456 1365 481 1406 ad
498 1365 647 1405 O'Sullevaunm
661 1378 727 1404 rursus
737 1364 863 1418 compellitur.
891 1366 965 1406 Eodem
975 1371 1023 1406 tern-

251 1421 303 1473 poris
319 1426 417 1461 momentu
434 1419 573 1460 O'Sullevanus
590 1433 659 1472 agmen
668 1419 690 1458 in
699 1420 759 1459 hostis
769 1421 834 1468 aciem,
845 1434 888 1473 quae
902 1422 952 1462 intra
963 1421 1023 1474 jaculi

186 1473 243 1515 [lea]
251 1476 330 1516 missum
336 1476 419 1528 aderattt
427 1474 505 1529 repente
510 1478 613 1528 retorquet,
625 1475 636 1513 a
644 1474 746 1524 nobilibus,
758 1479 777 1514 et
784 1476 909 1527 magnanimis
919 1482 1002 1525 secutus,
1010 1476 1022 1515 a

251 1531 330 1584 trepidis
341 1530 384 1571 verri
395 1536 415 1570 et
423 1531 497 1584 ignavis
513 1531 604 1570 desertus
634 1528 678 1573 Quo
693 1530 799 1582 repentino,
810 1535 829 1569 et
842 1531 941 1584 inopinato
957 1532 1021 1571 reditu

251 1586 302 1638 apud
311 1586 374 1638 regios
385 1600 453 1639 magna
463 1584 564 1637 trepidatio
581 1583 645 1624 snbitri
662 1584 735 1624 oritur:
750 1584 813 1637 quiin
823 1585 898 1626 ordines
908 1587 957 1626 coire
965 1586 1020 1639 jussi,

251 1641 283 1681 alii
291 1641 312 1681 in
321 1641 401 1680 ultimos
411 1640 486 1680 ordines
495 1640 593 1691 refugiunt
601 1657 606 1689 3
622 1639 653 1678 alii
663 1643 762 1691 sequentes
772 1639 819 1679 ahos
827 1640 848 1679 in
858 1641 970 1693 vertiginem
980 1655 1020 1681 sese

250 1696 383 1748 circumagunt
390 1713 396 1744 3
412 1695 443 1735 alii
458 1709 478 1735 se
495 1695 546 1747 fugae
559 1693 656 1733 mandant.
685 1693 795 1734 Nobiliores
804 1698 874 1744 tamen,
885 1699 904 1735 et
913 1695 1021 1736 fortissimis

251 1751 322 1803 quique
331 1750 400 1790 animis
409 1749 485 1803 praedit-i
494 1749 537 1789 loco
546 1748 596 1789 firmi
606 1748 755 1789 O’Sullevanum
765 1749 838 1789 adversi
847 1754 939 1802 spectant.
968 1753 1021 1791 Ante

249 1805 312 1858 paulli,
324 1819 381 1859 quam
391 1804 415 1844 ad
425 1806 484 1844 hastae
498 1803 639 1856 longitudinem
655 1804 736 1852 venitur,
746 1803 877 1844 fulminatores
887 1805 961 1858 viginti,
972 1819 1021 1859 quos

250 1860 390 1900 O'Sullevanus
400 1861 471 1900 circum
479 1859 551 1912 primos
562 1858 638 1898 ordines
647 1857 735 1907 habebat,
744 1859 807 1911 regios
821 1859 910 1899 undecim
919 1860 1012 1913 glandibn

249 1919 380 1969 prosternrmt.
410 1915 458 1954 llos
473 1914 573 1965 utriusque
588 1913 648 1966 partis
663 1913 738 1965 patroni
755 1913 825 1953 strictis
841 1914 916 1967 gladiis,
926 1919 945 1956 et
961 1916 995 1956 has

250 1971 329 2011 vibratis
346 1973 468 2010 concmrunt.
497 1968 583 2008 Primum
602 1968 706 2008 Mauritius
723 1968 861 2009 O'Sullevanus
878 1970 961 2010 cohortis
981 1970 1007 2011 du

250 2040 295 2066 eum
311 2025 407 2066 Richardo
422 2024 489 2064 Burlro
506 2023 634 2076 congreditur,
645 2023 678 2063 sed
693 2023 804 2077 priusquam
821 2024 902 2076 gradum
911 2025 999 2075 firmavit,

250 2081 352 2129 tticuardo,
364 2080 398 2133 qni
407 2079 448 2119 loco
458 2080 523 2119 firmus
530 2078 597 2127 stabat,
606 2078 688 2118 hastain
697 2084 774 2132 pectore
783 2092 883 2131 percussus
893 2082 1021 2133 prosternitur

250 2136 335 2189 supinus,
345 2135 418 2175 illaesus
427 2142 493 2174 tamen
500 2135 619 2185 cataphracta
628 2133 720 2173 munitus.
749 2133 844 2174 Richardo
851 2135 935 2175 secunde
943 2136 1020 2176 conanti

249 2191 303 2231 hasta
318 2192 411 2244 impetere
426 2188 531 2241 Dionysius
548 2188 695 2241 O'Hinguerdel
709 2188 769 2242 gladii
782 2188 822 2228 ictu
836 2190 932 2230 dexteram
941 2205 1021 2231 manum

250 2249 349 2299 amputat,
365 2259 410 2285 eum
426 2244 483 2284 etiam
499 2242 602 2283 Mauritius
619 2243 704 2283 celeriter
720 2257 801 2296 surgens
815 2243 869 2285 hasta
883 2246 990 2295 transfodit,
1002 2252 1021 2286 et

250 2301 363 2341 semivivum
373 2300 469 2354 jacentem
480 2297 540 2350 Hugo
551 2297 671 2337 O’Phlinnus
679 2312 723 2339 ense
732 2299 781 2338 finit.
810 2299 922 2353 Dermpsius
932 2300 1020 2341 O'Hual-

248 2356 346 2405 lachanus,
357 2362 376 2395 et
384 2354 483 2395 Cornelius
494 2351 627 2393 O'llurchuus
641 2352 736 2393 ldalbium
751 2354 846 2395 occidunt.
876 2355 926 2395 Iude
935 2356 1020 2405 confuse‘,

250 2414 275 2460 et,
285 2415 307 2451 ut
317 2426 358 2451 sors
367 2410 414 2451 alios
424 2409 465 2450 aliis
482 2406 580 2456 miscebat,
598 2407 704 2448 dimicatur.
733 2408 857 2450 inclinatam
871 2411 933 2463 regios
947 2424 1020 2464 pugna,

249 2466 332 2506 Thomas
342 2465 426 2514 Burhus,
437 2465 471 2518 qui
480 2466 521 2502 erat
531 2463 583 2514 gravi
592 2467 687 2503 armatura
695 2463 781 2512 indutus
788 2465 901 2505 asseclarum
909 2480 964 2519 opera
971 2480 1020 2519 equo

250 2521 350 2574 impositus
367 2520 454 2560 elabitur.
484 2517 566 2569 Reliqui,
582 2518 632 2558 facta
647 2532 754 2571 corporum,
765 2522 783 2557 et
794 2533 888 2561 armerum
903 2524 965 2573 strage
980 2535 1021 2561 non

250 2576 326 2625 sensim,
337 2575 370 2615 sed
380 2575 438 2615 effusa
447 2574 494 2627 iuga
503 2574 611 2626 prosarum
627 2574 726 2613 castellum
735 2573 829 2614 Acharem
838 2579 914 2629 petunt.
944 2575 1019 2616 O’Con-

250 2632 298 2671 ehur
313 2631 334 2671 in
350 2644 416 2683 pugna
431 2628 536 2670 fortissimo
551 2628 619 2680 cuique
633 2642 668 2681 par·
684 2629 783 2668 victoriam
793 2629 866 2671 clamat.
895 2630 1020 2684 Fugientium

249 2686 307 2739 tergis
324 2687 398 2726 haerent
414 2686 500 2726 victores.
529 2682 602 2723 Acilii
619 2683 702 2736 quidem,
720 2684 753 2735 qui
768 2684 789 2724 in
804 2684 891 2725 adversos
900 2685 965 2726 hostes
975 2700 1020 2726 cum

250 2741 377 2782 O'Sullevano
393 2753 482 2793 proruere
499 2751 538 2777 non
548 2742 592 2778 sunt
602 2738 650 2788 ausi,
660 2752 735 2778 aversos
745 2740 839 2780 concitato
849 2754 906 2780 cursu
916 2745 1018 2790 sectantur,

250 2795 328 2849 gloriam
339 2796 423 2836 victoriae
433 2794 456 2836 ab
466 2793 509 2835 aliis
519 2791 601 2832 obtentae
615 2807 685 2846 magno
695 2793 776 2833 elamore
786 2795 822 2834 sibi
835 2799 951 2848 arrogantes,
961 2801 981 2836 et
990 2796 1020 2836 in-

249 2851 358 2903 tempestivi
372 2851 446 2890 timoris
463 2848 545 2889 dedecus
555 2848 599 2897 sera,
610 2854 629 2888 et
638 2848 686 2888 falsa
695 2849 856 2901 magnanimitatis
866 2850 928 2903 specie
937 2865 1019 2905 purgare

250 2908 354 2958 cupientes.
384 2905 444 2945 Haud
450 2908 516 2945 tamen
525 2902 581 2956 louge
590 2904 649 2951 fusos,
660 2907 773 2956 sequnntur,
783 2905 827 2957 quia
841 2904 980 2946 O'Sullevanus
990 2920 1019 2946 re-

250 2963 315 3014 ceptui
329 2974 396 3002 canere
409 2959 471 3014 jussit,
488 2958 607 3010 conspicatus
618 2958 630 2998 J
632 2958 726 2999 ohannem
734 2958 844 3001 Bustolrnm
855 2974 898 3001 cum
909 2960 1019 3002 cohortibus
