2237 3535
266 417 306 456 les
406 420 655 464 01111111111111111110111111
670 435 794 475 eucnemon,
805 437 852 465 ron.
867 436 901 464 111.
947 423 996 475 [111.
1013 435 1038 464 11,

266 526 336 588 simum
353 527 436 570 habebat
449 530 547 584 prodente,
558 534 578 570 et
586 531 652 571 hostes
669 531 756 581 ducente,
774 548 819 574 cum
835 534 900 588 paucis
914 531 1039 574 familiaribus

265 594 363 635 regiorum
371 584 494 624 multitudine
501 585 644 626 circumventus
652 586 713 639 capite
720 590 828 628 truncatur.
856 589 900 630 Nec
910 587 934 629 ob
943 588 963 628 id
973 591 1038 628 tamen

266 651 308 691 ejus
317 638 351 678 filii
361 638 444 679 Felmius
453 645 471 678 et
482 639 608 694 Rapmundus
618 655 670 682 arma
679 656 690 681 a
700 645 753 696 patre
762 649 815 684 mota
825 644 936 685 omiserunt.

605 946 663 987 CAP.
678 946 704 987 X.

266 1073 343 1107 Tirenus
357 1083 416 1106 comes
430 1073 452 1106 ob
466 1072 523 1107 varias
538 1084 599 1107 causas
612 1074 752 1152 ppitffestantihus
766 1075 844 1109 infensus
858 1080 876 1109 et
883 1077 939 1121 magis
948 1080 1039 1121 suspectus

607 1130 626 1151 re
653 1119 694 1152 itur.

266 1238 318 1279 Hice
329 1238 375 1278 dum
385 1243 474 1290 aguntur,
486 1240 505 1277 et
517 1237 637 1278 O’Douellus
654 1237 790 1279 Iniskellinuae
806 1238 924 1279 obsidionem
942 1237 1037 1291 producit,

265 1294 348 1334 Tirenus
358 1307 422 1333 eomes
431 1293 492 1346 magis
501 1292 564 1333 indies
579 1292 730 1346 protestantibus
746 1293 839 1344 infensus,
850 1298 868 1334 et
887 1298 986 1346 suspectus
996 1292 1038 1332 red-

266 1349 324 1389 ditur.
353 1348 452 1401 Principio
462 1347 487 1387 ob
497 1348 597 1388 victoriam
612 1348 664 1401 apud
673 1348 750 1388 Vadum
766 1349 821 1389 Prati
831 1349 853 1389 de
863 1349 909 1390 Mae
919 1349 989 1389 Guiere
1004 1347 1038 1387 ob-

265 1407 340 1444 tentam
349 1403 416 1457 gratiae
425 1417 436 1442 a
444 1403 512 1456 regind
525 1403 608 1456 Bagnali
624 1404 688 1444 relatae
703 1407 755 1453 sunt,
765 1405 836 1444 Tirone
846 1403 890 1445 verb
900 1419 924 1445 ne
935 1407 981 1444 acta
996 1403 1038 1456 qui-

266 1459 315 1508 dem,
326 1463 360 1499 aut
375 1458 451 1507 habitae,
469 1472 507 1511 quo
524 1458 573 1498 nihil
587 1459 619 1499 hic
632 1458 764 1511 impatientias
774 1459 859 1500 ferebat:
874 1473 936 1513 neque
946 1463 984 1499 tam
995 1472 1038 1498 cru-

267 1513 359 1562 ciabatur,
369 1527 390 1554 se
400 1513 458 1566 digno
467 1514 547 1566 proemio
563 1514 622 1553 tuisse
638 1513 753 1562 fraudatum,
764 1514 822 1567 quam
836 1529 858 1555 eo
867 1514 974 1568 Bagnalem
983 1527 1038 1553 orna-

267 1574 316 1618 tum,
326 1568 431 1617 laetantem,
447 1572 504 1621 atque
518 1569 684 1622 triumphantem:
699 1568 770 1622 quippe
789 1573 871 1623 uterque
887 1570 968 1609 alterum
983 1569 1037 1608 111111-

267 1623 355 1677 piabibili
364 1623 408 1663 odio
425 1623 574 1676 persequebatur
588 1623 654 1663 multis
671 1623 695 1663 de
711 1624 778 1664 causis.
807 1624 882 1677 Bagnal
896 1624 981 1664 Ultoniae
990 1637 1038 1676 prac-

267 1680 330 1719 fectus
349 1678 420 1718 Tirono
439 1677 539 1718 videbatur
558 1678 579 1718 in
597 1677 742 1731 provincialium
761 1678 812 1719 bona
830 1680 891 1719 iacere
909 1680 1009 1732 impetum,
1020 1682 1040 1718 et

267 1732 411 1787 prohibebatur.
440 1733 522 1773 Tironus
535 1733 626 1786 Bagnalis
636 1746 720 1773 sororem
736 1734 831 1774 faeminam
845 1734 907 1774 torma
916 1734 1048 1787 conspicuam

268 1788 337 1841 speciei
345 1787 489 1841 pulchritudine
499 1791 567 1840 captus
575 1792 671 1840 rapuerat,
678 1788 799 1830 matrimonio
807 1788 843 1829 sibi
849 1789 978 1842 conjunxerat,
986 1792 1006 1827 et
1015 1801 1040 1828 111

266 1846 384 1897 protestante
398 1842 483 1883 converti
492 1842 517 1882 ad
526 1842 582 1882 fidem
593 1843 711 1883 Catholicam
719 1844 803 1885 lecerat:
817 1847 893 1896 pactam
902 1843 939 1884 sibi
948 1843 1012 1883 dotem
1027 1844 1039 1882 a

266 1898 352 1951 Bagnale
361 1898 439 1938 retineri
456 1897 575 1951 querebatur.
604 1897 680 1951 Bagnal
696 1898 745 1951 sape
761 1899 834 1939 dixerat
848 1913 888 1938 non
904 1903 944 1939 tam
953 1898 1039 1939 claritate

266 1954 331 1994 mariti
340 1967 425 1993 sororem
434 1967 493 2002 suam,
505 1956 524 1992 et
533 1953 624 1993 familiam
640 1967 681 1993 esse
691 1952 803 2003 decoratam,
815 1968 871 2007 quam
880 1954 964 2007 Papistae
977 1952 1038 1993 rebel-

266 2009 324 2058 hone,
336 2011 355 2048 et
364 2007 444 2061 perndie
453 2022 493 2048 esse
503 2007 555 2048 brevi
569 2008 684 2056 foedandam,
695 2014 714 2048 et·
723 2008 751 2049 illi
761 2023 802 2049 esse
811 2010 916 2062 privignos,
928 2008 1003 2061 quibus,
1014 2012 1038 2048 et

267 2078 308 2104 non
317 2064 387 2103 sororis
397 2077 435 2103 suae
444 2063 515 2112 liberis,
525 2065 542 2103 si
557 2076 605 2116 quos
615 2063 743 2116 progigneret,
754 2068 803 2104 esset
813 2064 913 2104 haereditas
923 2063 1039 2116 amphssima

268 2117 376 2158 deferenda.
406 2117 436 2158 Ob
446 2118 486 2167 has,
497 2122 516 2158 et
526 2118 572 2158 alias
582 2132 648 2158 causas
658 2122 738 2171 uterque
747 2118 828 2159 alterum
838 2120 859 2159 in
868 2118 965 2171 singulare
978 2124 1037 2158 certa-

268 2188 313 2214 men
321 2172 440 2214 Dubhlinnae
449 2176 590 2226 provocaverat,
599 2175 756 2226 congressurique
762 2173 882 2222 videbantur,
893 2173 931 2213 uisi
940 2172 963 2213 ab
974 2173 1039 2213 amieis

268 2232 438 2270 anteverterentur.
466 2227 520 2269 Hine
535 2228 611 2281 Bagnal
627 2228 700 2268 nullam
716 2228 871 2269 incommodandi
887 2228 964 2277 Tirone,
984 2232 1003 2268 et
1016 2228 1038 2268 in

268 2298 312 2324 eum
322 2282 439 2324 accendendi
447 2283 518 2336 regina
527 2283 620 2324 invidiam
636 2282 754 2323 occasionem
764 2281 927 2336 praetermittebat.
956 2283 1039 2337 Insuper

268 2339 339 2380 Tirone
350 2337 461 2379 occurrebat
470 2338 515 2378 ttae
525 2339 636 2391 llagaunus
654 2337 725 2378 crudeli
740 2337 834 2391 supplicio
849 2352 911 2392 nuper
920 2338 1004 2388 affectus,
1019 2343 1039 2379 et

269 2394 310 2434 eius
318 2408 390 2434 nomen
397 2392 513 2433 Parlamenti
523 2394 598 2434 decreto
606 2393 713 2432 extinctum
715 2410 721 2442 3
732 2392 801 2445 aliique
807 2394 901 2446 principes
908 2393 974 2434 lberni
981 2394 1039 2434 deleti

268 2450 290 2489 111
299 2453 384 2489 mentem
393 2447 502 2489 ueniebant.
531 2449 569 2489 sed
578 2448 724 2489 Gatlrelieeviro
732 2447 834 2489 Catholicae
840 2448 945 2502 Religionis
961 2450 1039 2490 libertas

267 2503 363 2558 praecipue
374 2508 418 2544 ante
427 2503 492 2544 oculos
502 2503 644 2545 obversabatur.
674 2501 750 2546 Quibus
767 2507 786 2542 et
803 2502 843 2544 aliae
858 2504 974 2558 suspiciones
989 2503 1039 2544 nove

268 2566 394 2600 accesserunt.
423 2558 522 2599 lohannes
531 2559 626 2600 O'Nellus
636 2558 712 2598 Tirouee
728 2557 816 2610 princeps
826 2573 869 2599 eum
877 2559 946 2599 fuisset
955 2559 967 2599 1
976 2560 1039 2599 Sectis

267 2614 361 2655 militibus
377 2614 416 2654 suis
432 2628 466 2667 per
483 2614 580 2667 perfidiam
598 2614 695 2654 extinctus
713 2613 743 2664 (ut
758 2613 845 2666 superius
859 2614 980 2666 tradidimus)
997 2614 1038 2654 eius

268 2684 344 2723 quoque
353 2669 481 2722 possessiones
490 2669 566 2722 haghae
576 2669 648 2722 reginae
662 2668 740 2707 luerunt
756 2667 842 2718 addictae,
852 2673 872 2710 et
881 2671 898 2710 si
907 2669 983 2718 frustra,
993 2683 1038 2709 nam

268 2729 313 2765 sunt
321 2728 402 2765 retentae
412 2739 422 2764 a
431 2724 520 2765 Terentio
530 2724 620 2765 O’Nello
641 2723 696 2762 lutei·
705 2722 739 2762 bas
748 2722 817 2763 Fannia
827 2724 879 2765 Iberi
889 2724 935 2764 Mac
944 2723 1038 2777 Magauni

266 2779 399 2833 municipium,
406 2780 476 2832 regina
483 2781 540 2820 etiam
549 2780 587 2819 luit
595 2778 703 2819 adiudicata
710 2791 732 2816 co
739 2779 822 2828 nomine,
833 2779 885 2833 qubd
895 2779 918 2819 ad
928 2778 942 2818 J
942 2778 1038 2819 ohannem

266 2835 380 2887 pretinebat,
391 2834 431 2875 111
446 2835 512 2888 regina
528 2835 594 2875 comiti
609 2832 696 2872 Esseriae
706 2832 770 2885 Anglo
784 2834 834 2875 dono
850 2835 911 2886 datall
943 2833 980 2874 Sed
990 2838 1037 2875 tunc

266 2890 356 2943 temporis
367 2903 428 2943 neque
438 2890 553 2944 adjudicatio
562 2903 625 2942 neque
635 2887 713 2927 donatio
722 2890 829 2930 executioni
843 2889 932 2931 mandata
942 2894 970 2929 est
979 2890 1037 2931 lbero

266 2945 393 2996 possessiones
403 2960 446 2986 suas
461 2945 567 2986 obtinente.
595 2942 667 2984 Postea
683 2944 757 2983 comitis
773 2945 831 2986 huius
847 2947 885 2986 iam
901 2947 972 2986 mortui
986 2946 1037 2986 filius

266 2998 354 3039 Famiam
366 3000 439 3042 cuidam
450 3000 535 3041 dohauni
545 2998 626 3040 Talboto
637 2997 781 3051 Angla-iberae
791 3000 867 3052 locarit,
877 3000 1007 3055 Talbetusque
1016 3002 1038 3042 111

202 2815 259 2857 [111]
