2174 3535
203 387 247 426 282
343 384 479 426 o’surnuvaur
493 393 595 422 nrsronrm
610 394 736 432 carucarum,
751 395 800 423 ron.
815 395 844 423 rv.
895 379 946 433 [mu.
961 391 977 418 r.

202 494 274 535 nedum
285 509 382 536 exornare.
410 493 441 534 Ita
450 490 545 533 Catholici
554 494 645 544 praetores
654 489 724 531 urbani
734 493 818 543 praetura
827 495 873 532 sunt
883 489 977 532 abdicati:

201 549 299 603 judicibus
315 553 399 604 potestas
416 547 479 588 officio
494 561 528 587 suo
545 545 640 599 iungendi
655 545 758 599 adempta:
773 559 873 587 causarum
888 545 964 600 patroni
971 562 978 595 3

203 608 374 659 procuratoresque
389 602 501 643 muneribus
518 601 614 642 obstinere
638 601 792 654 compelluntur:
816 601 866 642 nulli
885 600 979 642 Catholici

203 661 327 714 magistratus
336 672 401 711 gerere
410 660 503 711 possunt:
518 660 632 697 mercatores
648 657 706 696 etiam
715 656 771 696 novis
780 656 911 697 exactionibus
921 670 979 712 pecu-

204 715 269 755 niariis
285 717 405 767 premuntur.
432 711 573 765 agricolarum,
590 711 702 764 plebeorum
716 711 802 751 omnium
822 710 979 753 substantiaetri-

204 769 257 810 butis
266 769 343 822 injustis
352 767 504 809 exhauriuntur:
518 781 555 807 nec
569 766 621 807 ullus
636 770 664 807 est
679 767 710 807 cui
723 780 781 807 onera
790 766 866 806 insueta
876 770 895 806 et
905 767 979 808 creber-

204 823 253 865 rima
262 837 302 864 uon
311 824 440 876 imponantur.
470 822 502 862 Sic
511 821 577 862 lberni
586 836 639 862 nunc
651 822 712 875 magis
723 834 781 875 quam
789 835 875 874 unquam
885 822 897 861 a
908 823 980 863 civium

204 892 284 919 munere
293 882 424 932 segregantur,
435 880 454 917 et
463 876 518 917 malis
527 877 651 917 cumulantur
658 877 705 917 dnm
710 882 789 931 propter
793 878 851 918 fidem
860 877 980 918 Catholicam

205 933 317 982 honoribus,
334 932 467 987 dignitatibus,
477 945 541 973 rerum
556 931 726 981 administratione,
741 932 838 973 bonorum
852 933 979 986 possessione,

205 988 397 1029 honorificentissimo
407 1000 484 1041 quoque
493 987 555 1040 gradu
564 986 691 1040 dejiciuntur:
707 987 756 1028 etin
767 1002 832 1028 eorum
846 988 910 1029 locum
920 988 980 1028 haere·

204 1043 240 1084 tici
255 1043 322 1097 Angli,
338 1047 358 1084 et
375 1043 433 1092 Scoti,
451 1043 521 1096 quique
538 1046 584 1082 sunt
599 1041 665 1083 lberni
679 1056 781 1095 ganeones,
791 1043 872 1096 exleges,
882 1043 979 1096 flagitiosi,

205 1098 292 1147 obscura,
304 1102 324 1138 et
332 1097 462 1139 sordidissima
472 1096 562 1138 colluvies
570 1097 696 1150 recipiuntur,
718 1097 779 1152 Cujus
788 1098 901 1139 calamitatis
906 1098 927 1139 id
934 1098 980 1138 satis

204 1157 235 1194 est
241 1153 333 1207 exemplo,
341 1152 392 1206 quod
399 1153 419 1193 iu
424 1166 465 1192 uua
470 1151 517 1192 urbe
523 1151 620 1193 Corcacha
625 1166 659 1205 per
664 1166 738 1193 annum
743 1167 810 1203 unum,
817 1153 883 1193 decem
889 1159 980 1207 praetores

204 1207 272 1249 urbani
282 1208 355 1249 honore
365 1208 404 1248 sint
412 1207 502 1257 abdicati,
512 1207 558 1261 quia
566 1207 603 1248 hoc
612 1207 660 1261 regii
668 1208 788 1261 principatus
801 1208 906 1249 ecclesiasti
918 1209 980 1262 jusju-

203 1263 286 1304 randum
295 1268 385 1317 praestare
393 1263 504 1303 noluerunt.
532 1262 565 1303 Ita
573 1262 657 1312 urbium,
667 1276 770 1316 rerumque
779 1263 900 1316 publicarum
910 1263 980 1316 guber-

203 1318 273 1359 nacula
288 1319 325 1372 piis
342 1318 461 1367 Christianis,
479 1321 535 1370 atque
550 1317 678 1371 prudentibus
687 1319 733 1358 viris
743 1319 831 1372 adempta
845 1319 981 1371 relinquuntur

203 1373 300 1413 haereticis
309 1372 402 1426 improbis
418 1377 438 1413 et
453 1373 559 1426 flagitiosis,
570 1374 604 1426 qui
613 1373 634 1414 in
641 1372 742 1413 imbecillis
751 1374 942 1428 fortunasssimpetum
952 1374 961 1414 f
973 1399 980 1406 -

204 1428 262 1478 ciant,
270 1429 305 1482 qui
314 1428 402 1469 faucibus
411 1427 510 1469 hiantibus
519 1428 614 1468 bonorum
625 1428 696 1468 civium
706 1442 752 1482 opes
762 1429 860 1478 devorent,
868 1429 901 1482 qui
908 1428 980 1470 Catho-

204 1483 287 1523 licorum
296 1483 347 1523 bona
356 1483 435 1538 privatis
451 1483 529 1537 rapinis,
540 1486 559 1523 et
575 1483 657 1537 publicis
668 1483 795 1536 vectigalibus
809 1484 934 1538 pessundant,
945 1484 980 1537 qui

205 1537 262 1578 bonis
271 1537 361 1579 omnibus
370 1543 450 1592 pestem,
465 1542 522 1590 atque
536 1538 639 1591 perniciem
654 1538 785 1593 universaeque
794 1538 904 1592 reipublicae
914 1539 980 1580 interi-

205 1596 249 1633 tum
257 1593 353 1643 inierant3
369 1607 426 1646 quam
436 1593 533 1645 aptissime
542 1593 587 1633 huic
596 1607 659 1633 rerum
667 1593 828 1635 administrationi
834 1594 923 1635 convenit
930 1594 980 1635 illud

206 1647 312 1688 doctissimi
321 1648 385 1689 Boetii
395 1652 479 1688 metrum
490 1664 495 1687 z

527 1792 595 1828 Premit
602 1792 681 1827 insontes

433 1837 501 1871 Debita
507 1837 569 1871 sceleri
576 1837 630 1871 noxia
637 1849 688 1883 poena

432 1883 459 1917 At
467 1883 545 1927 perversi
552 1883 631 1916 resident
639 1884 685 1917 celso

434 1927 496 1961 Mores
504 1928 553 1967 solio,
561 1932 656 1972 sanctaque
664 1928 734 1962 calcant

434 1971 505 2015 Injusta
512 1973 550 2006 vice
558 1973 603 2007 colla
611 1978 700 2012 nocentes,

434 2017 489 2051 Latet
498 2017 576 2052 obscuris
585 2018 656 2052 condita
664 2019 721 2052 virtus

436 2062 491 2096 Clara
498 2062 581 2103 tenebris,
587 2063 682 2108 justusque
690 2064 733 2097 tulit

435 2107 507 2141 Crimen
514 2107 575 2152 iniqui,

434 2152 466 2185 Nil
474 2152 558 2197 perjuria,
565 2153 591 2186 nil
598 2158 650 2187 nocet
658 2153 700 2198 ipsis

433 2197 492 2232 Fraus
500 2198 586 2232 mendacii
594 2202 665 2243 compta
673 2199 738 2232 colore.

235 2357 280 2396 Hoc
296 2356 414 2409 Reipublicae
430 2357 525 2398 exoidium
541 2357 636 2400 Catholici
653 2359 738 2400 miserati
757 2365 786 2403 tot
804 2364 866 2414 malis,
886 2370 980 2422 tantoque

206 2412 261 2466 regni
270 2412 331 2451 totius
340 2411 428 2452 incendio
438 2411 543 2453 remedium
552 2412 617 2467 aliqud
631 2419 686 2468 parte
695 2415 784 2458 adhibere
794 2423 895 2471 conantur,
905 2427 925 2463 et
935 2424 980 2476 quia

206 2480 260 2507 more
269 2467 364 2520 majorum
373 2481 430 2520 penes
444 2467 496 2520 ipsas
512 2468 598 2509 civitates
615 2474 644 2509 est
660 2474 745 2523 potestas
756 2472 838 2527 eligendi
847 2476 978 2530 magistratus,

206 2521 304 2562 interdum
312 2520 396 2561 urbanos
403 2525 499 2575 praetores,
505 2521 590 2575 aliosque
599 2525 722 2577 magistratus
732 2532 796 2568 creant
807 2530 880 2583 equites
890 2531 981 2583 Ibernos,

207 2577 247 2629 qui,
257 2575 338 2617 urbibus
348 2580 367 2616 et
376 2576 479 2630 majoribus
496 2577 571 2631 oppidis
587 2578 708 2632 posthabitis,
718 2581 740 2621 in
754 2584 836 2625 castellis
845 2586 891 2634 suis,
902 2590 921 2626 et
931 2589 980 2629 arci-

153 2656 154 2659 =
206 2630 244 2672 bus
254 2646 276 2672 ex
285 2631 418 2672 haereticorum
432 2632 530 2673 vicinitate
544 2633 627 2687 sejuncti
637 2635 717 2676 vivunt:
733 2651 744 2676 a
754 2638 823 2691 quibus
833 2639 980 2685 administrandi

140 2674 199 2741 [ms]
206 2690 302 2739 potestate
310 2700 377 2727 rursus
386 2686 484 2740 delegatttt
496 2687 590 2729 Catholici
599 2688 678 2729 urbium
687 2690 755 2733 incolae
764 2694 850 2735 civitates
860 2702 936 2750 regunt,
951 2699 980 2740 ita

205 2741 324 2795 Reipublica
334 2741 388 2782 malis
399 2742 502 2792 medentes,
512 2747 532 2783 et
547 2744 642 2784 nefarium
656 2744 792 2799 jusjurandum
808 2749 866 2790 simul
878 2752 978 2795 evitantes.

205 2795 352 2850 Nonnunquam
362 2797 418 2837 etiam
428 2797 466 2838 sibi
481 2798 604 2852 magistratus
619 2798 694 2853 eligunt
704 2803 768 2856 regios
777 2804 894 2847 consiliarios
903 2808 979 2850 haereti-

204 2864 237 2891 cos
246 2852 267 2892 in
281 2852 335 2892 auria
349 2858 515 2902 commorantes,a
531 2853 602 2906 quibus
617 2852 728 2897 absentibus
742 2858 875 2910 jurisdictione
892 2863 979 2905 similiter

204 2905 317 2947 demandata
326 2906 419 2948 Catholici
436 2907 498 2949 officio
511 2907 627 2962 funguntur.
656 2910 777 2966 Quandoque
786 2914 886 2957 haereticos
895 2918 978 2960 homun-

203 2959 256 3001 culos
265 2975 340 3013 genere,
358 2966 377 3002 et
393 2962 479 3004 moribus
496 2962 593 3013 obscuros
603 2967 623 3004 et
637 2964 727 3020 abjectos,
737 2968 814 3020 inertas,
824 2970 902 3025 ingenio
912 2974 976 3024 rudes,
