2237 3535
116 369 223 421 cruram]
251 406 253 410 .
282 384 308 411 nn
319 379 763 415 01011101100051005101110111511010115.
848 369 887 408 189

114 488 179 527 noque
187 473 265 515 laudum
273 479 368 530 praeconio
377 478 504 533 dignissimos,
512 476 546 530 qui
556 474 665 516 maluerunt
674 487 708 527 pro
716 473 808 527 religione
818 476 888 517 Catho-

114 529 156 577 lica,
172 543 207 582 pro
223 529 304 584 legibus,
321 547 355 587 pro
372 534 432 587 patria
449 533 557 587 gloriosam,
569 534 589 570 et
603 532 687 569 sanctam
700 532 781 570 mortem
791 535 886 584 oppetere,

115 598 171 636 quam
181 584 202 624 in
209 584 245 626 hoc
255 587 299 637 situ,
309 589 401 642 squalore,
411 588 472 638 luctu,
484 586 581 634 dedecore,
592 584 614 624 10
623 585 659 625 hac
673 583 770 635 servitute,
781 586 802 625 in
811 586 847 625 hac
857 599 886 625 eo-

115 639 176 679 010510
185 641 290 693 tyrannide,
298 643 319 683 in
328 644 364 684 hoc
374 644 416 692 Dei,
424 648 572 694 sanctorumque
578 643 696 692 contemptu,
703 640 724 679 in
731 639 768 681 hoc
774 644 887 680 cunctorum

114 693 206 734 scelerum
223 696 267 745 salo,
283 702 302 737 et
316 699 337 738 in
353 699 388 739 hac
404 699 456 739 lerna
471 697 565 738 malorum
582 695 670 735 omnium
686 695 796 747 turpissime
811 696 886 736 vivere!

114 748 218 799 Oinscios,
229 751 312 802 stolidos,
330 757 387 807 atque
401 753 539 808 perditissimos
555 750 644 803 Anglicae
656 750 745 791 factionis
755 750 844 800 lbernos,
854 750 887 803 qui

113 803 163 844 hanc
173 804 209 845 sibi
218 811 290 859 pestem
306 808 447 861 impendentem
463 822 504 848 non
520 805 655 861 praeviderunt,
673 806 706 859 qui
722 806 824 859 populares
835 819 885 853 suos,

113 858 163 899 viros
180 873 269 910 summos,
287 867 344 916 atque
360 863 473 903 clarissimos
489 862 534 902 fidei
544 861 651 901 defensores
662 861 799 914 oppugnando,
821 861 886 901 effece-

113 918 165 963 runt,
176 918 198 955 111
208 915 246 956 hnc
255 917 321 966 ruinee,
331 918 450 967 calamitatis,
460 917 585 965 miseriarum,
594 915 661 968 patria,
672 915 809 970 Catholicaque
819 915 886 969 religio

113 968 139 1007 sit
148 968 240 1011 deducta!
268 972 362 1013 Adestote
378 973 425 1013 mihi
439 973 471 1013 hic
480 970 621 1025 hagio-lberni
631 970 737 1011 sacerdotes
747 970 836 1025 Anglicae
846 971 885 1011 fac-

112 1022 175 1073 tionis,
194 1025 217 1065 de
232 1026 319 1067 omnibus
336 1041 376 1067 non
390 1028 464 1081 loquor,
481 1027 514 1066 sed
530 1026 552 1066 de
567 1025 884 1079 1011500101,10110151015111

113 1078 185 1130 egistis,
197 1082 272 1133 quando
283 1096 339 1122 00150
345 1081 447 1122 Catholicae
452 1081 550 1134 religionis
557 1079 654 1133 agebatur.
684 1080 787 1124 Quomodo
792 1094 883 1134 praesens,

113 1136 151 1173 1001
161 1134 235 1187 ingens,
246 1139 264 1176 01
273 1136 356 1177 immane
366 1138 427 1177 scelus
436 1135 559 1190 purgabitis?
580 1134 652 1174 Fuistis
661 1149 686 1174 ne
695 1140 743 1175 tunc
753 1135 883 1176 0011101010-

112 1201 192 1241 quaque,
210 1194 229 1229 et
243 1191 364 1244 integerrime
381 1190 496 1232 Catholico?
525 1189 619 1243 Sapientis
634 1188 716 1240 lectoris,
731 1195 772 1231 esto
780 1191 882 1244 judicium.

111 1241 154 1295 Ego
164 1243 239 1297 quidem
250 1260 289 1286 non
299 1260 342 1285 sum
351 1245 418 1286 solitus
427 1246 477 1286 ullos
487 1249 533 1285 nota
542 1245 629 1284 inurere:
644 1258 679 1284 nec
688 1248 754 1285 tamen
762 1245 832 1298 dogma
841 1246 883 1285 ani-

111 1310 184 1338 marum
201 1299 264 1349 saluti,
282 1304 300 1340 et
316 1300 361 1340 fidei
376 1300 519 1354 amplificationi
534 1299 667 1351 perniciosum,
678 1304 697 1339 et
711 1300 786 1340 exitiale
803 1313 883 1353 possum

111 1350 179 1393 habere
194 1358 263 1403 ratum,
280 1360 374 1404 sanctum,
389 1360 408 1395 et
423 1354 557 1403 Cathohcmn,
571 1354 609 1393 hoc
625 1356 660 1402 est,
674 1358 697 1394 nt
706 1368 741 1408 pro
751 1355 852 1404 haereticis,
863 1358 883 1394 et

111 1411 177 1447 contra
193 1407 300 1449 Catlrolicos
315 1424 367 1450 arma
383 1410 544 1450 circumferamus.
572 1408 605 1447 Ne
622 1407 694 1448 diutius
710 1409 882 1449 1110110110101115.

111 1459 166 1501 Nihil
175 1462 207 1502 hie
216 1477 264 1515 opus
273 1464 350 1504 fletibus
360 1464 436 1504 nostris.
466 1461 668 1515 Anglicalbernorum
678 1464 735 1503 factio
743 1464 882 1512 factiosissima,

111 1528 153 1566 quae
168 1517 205 1557 hoc
222 1517 264 1567 sibi,
280 1520 347 1571 patriae
363 1533 409 1569 suae,
425 1518 552 1572 religionique
566 1531 624 1557 sacrae
638 1517 734 1559 excidium
744 1519 815 1567 attulit,
825 1518 883 1558 hodie

110 1570 231 1612 acerbissime
244 1572 324 1626 plangit.

423 1898 480 1938 CAP.
494 1895 552 1937 XIV.

213 2040 364 2079 Quemadmodum
373 2039 433 2074 lberni
441 2042 556 2075 sustinuerint
564 2039 609 2075 hanc
617 2043 770 2086 persecutionem?

111 2161 162 2203 Hinc
179 2162 202 2202 de
218 2162 323 2215 tyrannidis
340 2162 416 2213 punctis
432 2165 514 2214 quatuor
530 2161 618 2201 diximus.
647 2161 706 2203 Nunc
723 2165 880 2216 0010005100111

94 2263 96 2266 ⁸
109 2217 189 2270 praediti,
201 2216 270 2269 quibus
280 2216 355 2256 auxiliis
370 2216 431 2270 adjuti
446 2216 513 2256 lberni
527 2220 600 2256 tantam
614 2218 719 2270 tyrannidis
728 2218 800 2259 rabiem
809 2221 879 2270 ferant,

108 2276 131 2311 01
140 2272 259 2312 Catholicam
267 2271 325 2312 tidem
333 2271 355 2310 in
363 2274 417 2311 tanta
426 2285 491 2311 rerum
498 2271 609 2312 difficultate
615 2272 759 2313 sinehaereseon
765 2276 880 2328 contagione

109 2332 199 2375 sanctam,
216 2330 236 2366 et
250 2340 317 2379 puram
333 2326 433 2375 retineant,
451 2325 535 2366 breviter
550 2327 705 2380 perstringamus,
723 2330 849 2380 sacerdotum,
860 2336 880 2371 et

109 2382 233 2430 saecularium,
244 2381 391 2429 Catholicorum,
401 2384 420 2420 et
429 2380 562 2421 haereticorum
577 2395 637 2431 casus,
648 2381 759 2435 laboresque
769 2384 878 2426 referentes.
887 2412 946 2454 [224]

108 2436 206 2490 Principio
221 2435 332 2488 lbernicae,ll
350 2434 491 2487 Catholicaeque
505 2436 565 2488 partis
580 2450 669 2489 sequaces
678 2438 790 2478 meritorum
799 2454 880 2481 suorum
931 2437 935 2446 ⁴

110 2505 154 2544 erga
164 2491 251 2545 patriam,
260 2505 338 2544 remque
348 2489 443 2543 publicam
458 2490 585 2531 Christianam
600 2492 714 2533 conscientia
724 2493 814 2545 gaudent,
826 2496 880 2548 quod

108 2546 146 2599 ipsi
156 2547 189 2586 diu
199 2545 299 2595 effecerint,
310 2560 335 2586 ne
351 2546 389 2585 huc
405 2558 532 2585 aerumuarum
549 2545 627 2586 ecclesia
641 2546 712 2587 Christi
721 2549 780 2588 tuerit
789 2549 878 2601 deducta,

109 2614 180 2655 perque
190 2615 210 2641 se
220 2615 259 2641 non
269 2602 349 2649 steterit,
359 2600 461 2653 quominus
471 2600 528 2641 armis
538 2600 558 2640 in
567 2600 675 2641 libertatem
684 2602 818 2654 vindicaretur,
826 2620 880 2646 nunc

109 2656 167 2697 etiam
176 2657 196 2697 iu
206 2656 250 2696 fidei
259 2655 422 2696 conservationem
432 2668 507 2696 omnem
522 2669 598 2708 operam
607 2660 713 2708 ponentes:
729 2659 820 2711 quodque
830 2675 879 2702 sem-

109 2724 143 2763 per
158 2711 230 2752 Christi
246 2710 308 2760 lidem,
326 2714 384 2763 atque
399 2710 480 2764 patriam
495 2709 591 2749 victricem
607 2724 647 2750 csse
663 2711 766 2763 voluerint,
775 2713 836 2768 idque
844 2730 880 2770 pro

109 2765 160 2806 virili
176 2766 314 2816 contenderint,
332 2779 393 2805 unum
408 2768 437 2805 est
453 2764 491 2804 illis
506 2764 606 2817 proesentis
622 2764 692 2806 doloris
705 2767 798 2818 leuamen,
809 2774 829 2811 et
838 2774 882 2812 mea

109 2820 187 2871 quidem
202 2822 297 2862 5011100111
313 2834 416 2873 magnum:
431 2832 514 2871 namque
531 2819 647 2859 conscientia
661 2825 719 2862 rectae
735 2823 848 2877 uoluntatis,
863 2831 883 2867 et

108 2871 251 2917 benefactorum
266 2875 371 2917 recordatio
385 2880 414 2914 est
427 2874 510 2914 maxima
524 2873 628 2915 consolatio
637 2889 700 2916 rerum
707 2876 882 2929 incommodarum.

109 2927 190 2980 huglica
207 2931 322 2972 Ibernorum
339 2931 401 2980 factio,
420 2929 471 2983 quod
485 2928 527 2982 ipsa
536 2929 704 2983 fideideiensores,
721 2936 740 2972 et
750 2933 844 2978 libertatis
854 2952 883 2978 as·
