2237 3535
278 365 320 405 194
427 367 560 408 0’sunrnvaur
575 376 675 418 ursrounu
691 376 814 415 carnonam,
824 377 873 411 ron.
888 376 921 404 111.
960 364 1011 417 [rra.
1021 377 1050 404 rv.

277 475 356 528 pedum,
367 475 510 529 profundiorem
519 487 564 514 vero
574 473 644 514 fossam
653 473 735 514 interius
744 487 779 527 per
789 479 875 529 quartam
884 473 967 516 milliarii
977 477 1051 528 partem

278 530 375 572 O’Nellus
390 530 450 579 duxit,
468 529 535 582 magis,
551 532 574 569 ut
589 531 639 569 esset
653 528 705 568 hosti
719 529 863 582 impedimento,
873 543 931 583 quam
945 529 983 569 sihi
997 528 1051 582 adju-

277 590 350 627 mento.
379 585 432 626 Inter
441 583 528 625 medium
536 584 614 633 vallum,
625 586 644 623 et
653 583 728 637 regium
737 584 841 626 exercitum
856 584 967 627 exsiliebant
977 583 1051 624 turbidi

277 641 346 682 coloris
364 639 438 680 lattices
458 653 481 679 ex
500 638 606 693 uliginibus
630 641 727 679 coeuntes.
755 637 814 680 Unde
833 641 898 681 forsan
916 640 969 680 locus
983 639 1050 679 multis

276 695 346 736 dicitur
361 694 438 735 Vadam
454 692 548 747 pallidum
567 694 628 745 (Bac
642 693 689 733 atta
708 693 754 743 bnt)
772 694 808 734 etsi
826 695 868 736 aliis
886 695 960 750 placeat
978 694 1050 734 vadum

276 750 342 791 Sancti
359 749 430 789 Buiani
454 749 525 789 vocari.
562 749 601 789 Pro
617 747 673 797 vallo,
699 752 718 788 et
741 752 823 802 utroque
847 750 932 791 exercitu
955 750 1048 803 equitum,

275 810 295 846 ct
303 804 448 845 fulminatorum
457 817 524 857 pugna
533 803 664 844 vehementius
673 803 797 843 instauratur.
826 804 852 845 In
862 809 911 845 aestu
919 818 991 860 pugnae
1001 804 1049 845 sclo-

274 860 359 913 perarius
374 859 457 913 Anglus,
469 860 502 913 qui
512 859 605 899 nitratum
618 858 717 912 pulverem
726 858 776 898 inter
785 859 913 912 pugnandum
923 859 1047 913 consumpsit,

272 915 353 968 sulphur
370 918 481 968 sumpturus
497 914 519 954 in
528 913 616 967 lagenam
625 913 646 953 in
656 914 694 966 qua
704 917 750 962 erat,
764 912 813 954 forte
829 914 897 967 injecit
909 929 994 965 manum,
1010 916 1048 968 qua

271 969 416 1010 bombardieum
425 969 493 1010 funem
501 969 585 1022 ignitum
594 967 678 1008 tenebat.
707 968 783 1021 Injecto
797 968 843 1021 igne
858 983 937 1010 accensa
945 969 1019 1024 lagena,
1028 974 1047 1009 et

272 1025 315 1065 duae
330 1024 422 1078 proximae
438 1024 486 1065 nitri
498 1024 561 1078 plenae
574 1023 678 1064 nonnullos
688 1023 797 1064 combustos
807 1024 828 1063 in
838 1038 894 1065 aerem
904 1025 982 1066 tollunt.
1012 1024 1046 1065 In-

270 1080 327 1120 terim
342 1079 416 1133 Bagnal
431 1085 498 1120 contra
515 1078 657 1120 Catholicorum
673 1078 751 1128 vallum,
768 1081 787 1119 et
802 1079 880 1131 agmina
896 1079 980 1134 disponit
994 1093 1046 1120 aenea

270 1135 429 1184 machinamenta,
447 1147 530 1188 quorum
546 1148 608 1175 uuum
623 1133 721 1187 sulphure,
732 1140 751 1173 et
768 1133 830 1187 globis
847 1138 946 1184 onustum,
957 1135 1003 1175 durn
1013 1148 1045 1174 ex-

269 1189 361 1243 ploditur,
380 1190 500 1230 vehementia
516 1189 601 1243 pulveris
616 1190 638 1229 in
652 1189 704 1229 varia
720 1188 790 1229 frustra
800 1188 900 1243 diruptum
909 1189 999 1230 interficit
1009 1190 1044 1230 cir-

270 1249 388 1285 cumstantes
397 1245 508 1286 nonnullos.
538 1244 616 1285 Gaeteris
626 1243 701 1297 Bagnal
715 1243 787 1284 vallum
801 1244 886 1294 discutit,
897 1249 916 1285 et
926 1245 1045 1285 hastatorum

268 1299 411 1341 Catholicorum
428 1302 505 1353 agmina
521 1299 622 1340 tormentis
638 1298 691 1340 nuda
707 1298 800 1349 verberat,
817 1313 884 1340 eorum
904 1299 1008 1353 equitibus,
1025 1304 1045 1339 et

268 1354 412 1405 bombardariis,
423 1356 457 1408 qui
467 1369 501 1410 pro
516 1355 566 1396 vallo
582 1354 703 1395 continenter
718 1358 797 1404 certant,
812 1353 893 1395 minime
909 1354 1043 1395 obstantibuSt

268 1409 344 1464 aliquot
353 1414 416 1464 partes
425 1410 472 1451 valli
481 1410 522 1451 solo
531 1414 600 1464 aequat,
607 1414 627 1450 et
636 1409 660 1450 ab
670 1423 693 1450 eo
699 1413 750 1450 arcet
757 1410 846 1463 agmina:
856 1410 878 1450 in
888 1424 969 1464 quorum
978 1410 1043 1450 locum

267 1465 379 1519 irrumpunt
387 1466 426 1506 duo
435 1465 497 1519 prima
505 1466 558 1519 regia
567 1464 649 1518 agmina,
656 1464 738 1505 alterum
745 1464 834 1506 adversus
842 1464 953 1514 O'Nellum,
960 1465 1041 1505 alterum

271 1520 363 1561 adversus
380 1520 510 1562 &Donellum
526 1521 598 1561 laeuum
607 1534 667 1560 cornu
675 1523 781 1570 tenentem,
790 1524 809 1560 et
819 1520 893 1573 aliquot
902 1520 1001 1574 agminum
1011 1534 1040 1560 or-

268 1575 323 1615 dines
340 1574 411 1616 vallum
427 1575 600 1629 transgrediuntur,
617 1575 639 1615 in
655 1587 738 1628 quorum
755 1574 861 1615 subsidium
871 1589 940 1628 agmen
949 1575 1040 1615 ultimum

267 1630 328 1670 ducit.
355 1630 431 1671 Eodem
439 1635 525 1683 tempore
542 1630 648 1684 equitatum
658 1633 677 1670 et
686 1628 829 1670 bombardarios
838 1629 980 1671 Catholicorum
989 1630 1040 1669 intra

266 1685 339 1725 vallum
348 1685 414 1738 pulsos
424 1685 489 1739 regius
506 1686 609 1739 equitatus,
620 1688 639 1725 et
647 1683 778 1725 bombardarii
786 1689 899 1738 sequuntur,
909 1689 928 1725 et
938 1699 993 1738 aequo
1000 1685 1040 1738 jam

266 1740 309 1780 loco
319 1740 397 1792 utrique
406 1739 484 1780 strenue
490 1740 608 1794 praliantur,
618 1743 638 1780 et
646 1740 724 1793 utrique
729 1740 784 1779 mixti
790 1740 826 1779 viri
834 1740 885 1780 viros
895 1740 977 1794 amplexi
986 1740 1040 1793 equis

267 1795 378 1835 detrahunt.
407 1794 448 1836 Hic
458 1794 528 1835 hastati
542 1794 643 1843 Catholici,
654 1795 687 1847 qui
697 1798 836 1835 tormentorum
848 1794 920 1836 ictibus
929 1795 940 1835 at
950 1794 999 1836 vallo
1009 1795 1039 1835 fu-

267 1856 325 1890 errmt
334 1849 408 1899 remoti,
418 1850 506 1890 videntes
515 1852 611 1890 tormenta
620 1863 660 1890 non
670 1863 711 1889 esse
718 1849 759 1903 jam
765 1848 815 1890 hosti
822 1850 872 1899 usui,
883 1864 923 1891 sese
932 1850 953 1890 in
963 1851 1040 1904 agmina

266 1905 320 1958 regia
329 1908 450 1954 convertunt,
466 1905 553 1945 nondum
562 1909 628 1945 tamen
637 1918 716 1945 manum
726 1907 835 1946 conserunt.
863 1904 938 1945 Eodem
948 1906 1040 1959 temporis

266 1964 365 2000 momento
382 1960 458 2013 Bagnal
474 1961 508 2013 qui
523 1961 610 2000 munitus
625 1963 665 2000 erat
681 1960 807 2012 cataphracta,
819 1964 839 2000 et
853 1960 926 2001 casside
941 1974 964 2001 ex
974 1959 1040 2013 calybe

267 2015 329 2064 factis,
341 2015 403 2068 gravis
413 2014 474 2068 sclopi
481 2016 554 2069 jactum
565 2013 704 2055 sustinentibus
713 2018 767 2054 ratus
777 2029 796 2054 se
804 2016 844 2068 jani
853 2015 927 2065 vicisse,
934 2020 956 2055 ut
961 2015 1040 2055 liberius

264 2069 330 2110 laetam
339 2070 400 2123 praelii
413 2071 482 2111 faciem
498 2070 571 2111 rideret
581 2074 600 2111 et
609 2070 683 2110 sardius
692 2070 799 2122 respiraret,
809 2073 910 2111 armaturae
919 2070 982 2123 gravis
991 2084 1038 2123 pou-

265 2125 310 2166 dere
326 2124 425 2178 fatigatus,
436 2125 514 2165 cassidis
528 2125 660 2179 conspicilium
674 2125 741 2178 aperit,
753 2128 772 2164 et
781 2124 837 2173 tollit,
847 2139 884 2165 nec
893 2126 946 2178 prius
956 2125 1038 2174 demisit,

264 2184 285 2220 et
294 2179 368 2228 clausit,
379 2194 437 2234 quarn
444 2180 506 2233 jacuit
515 2180 569 2221 humi
578 2180 669 2220 exanimis
679 2179 771 2233 plumbea
779 2179 847 2231 glande
859 2180 923 2220 fronte
933 2181 1038 2221 confossus.

200 2243 256 2286 [raa]
263 2235 325 2289 Cujus
334 2240 396 2276 morte
405 2237 485 2276 tertium
494 2237 580 2289 agmen,ll
591 2236 612 2275 in
622 2248 659 2288 quo
670 2238 717 2284 erat,
727 2247 797 2287 magna
802 2234 903 2288 trepidatio
913 2234 989 2277 invasit.
996 2236 1038 2289 Ag-

263 2292 316 2331 mina
333 2289 372 2330 duo
388 2290 412 2331 ad
429 2304 473 2344 quae
489 2290 543 2331 ducis
558 2290 638 2331 extincti
654 2290 737 2330 nuncius
751 2288 837 2329 nondum
851 2290 1038 2344 tripolensem

262 2346 339 2386 fortiter
348 2349 424 2398 gerunt.
455 2345 548 2386 Catholici
564 2359 641 2399 quoque
654 2344 704 2385 nihil
718 2343 801 2397 segniter
810 2344 898 2397 praelium
907 2348 1037 2387 committunt.

263 2400 384 2451 O'Donellus
392 2400 569 2441 bombardariorum
578 2401 650 2440 uirtute
659 2414 700 2440 sese
709 2402 781 2439 tuetur.
810 2399 889 2441 O'Nelli
898 2415 967 2455 agmen
976 2402 1038 2455 magis

262 2455 367 2510 periclitari
383 2456 466 2496 videtur.
495 2456 521 2496 In
537 2457 573 2497 hoc
590 2456 669 2508 ancipiti
678 2468 743 2495 rerum
753 2457 804 2493 statu
821 2455 922 2506 O'Neflus,
933 2457 967 2509 qui
981 2457 1037 2510 juxta

262 2525 321 2551 suum
335 2524 404 2564 agmen
421 2524 471 2564 equo
487 2510 583 2552 insidebat
599 2525 643 2551 curn
659 2508 757 2563 equitibus
774 2509 905 2563 quadraginta,
920 2515 940 2552 et
955 2511 1037 2553 totidem

262 2565 407 2615 bombardariis‚
418 2565 560 2607 bombardarios
571 2566 633 2620 jubet,
641 2569 664 2605 ut
675 2564 751 2617 regium
761 2577 828 2616 agmen
837 2566 940 2619 glandibus
950 2572 1035 2620 carpant.

262 2620 380 2662 Obedientes
388 2621 469 2675 imperio
476 2620 603 2663 bombardan'i
612 2635 652 2661 nou
659 2633 727 2672 parum
734 2618 840 2671 molestant,
851 2625 871 2662 et
881 2621 956 2662 ordines
964 2626 1037 2675 cogunt

261 2676 325 2716 lauare
335 2690 404 2730 agmen
414 2677 559 2717 fulminatorum
569 2691 606 2730 ope
615 2675 696 2716 nudum.
725 2672 820 2715 Perculsis
830 2676 925 2717 O'Nellus
935 2677 988 2718 addit
997 2681 1035 2718 ter-

260 2745 323 2771 rorem
340 2746 385 2772 cum
400 2731 527 2786 quadraginta
544 2731 642 2786 equitibus
657 2730 680 2770 in
694 2727 778 2769 medium
794 2745 863 2785 agmen
879 2730 947 2773 laxatis
956 2732 1035 2774 habenis

260 2787 391 2841 irrumpendo.
421 2786 527 2828 O'Nellum
537 2800 619 2841 sequens
629 2798 687 2825 suum
695 2784 813 2826 hastatorum
820 2801 889 2840 agmen
899 2786 980 2828 clamore
989 2789 1035 2829 sub-

260 2840 300 2882 lato
309 2842 383 2895 regium
392 2842 413 2883 in
422 2843 490 2896 fugam
500 2843 556 2883 vertit
566 2844 613 2883 hora
622 2839 661 2880 fere
668 2838 730 2892 prima
739 2841 874 2892 pomeridiana.
895 2841 919 2882 Id
930 2844 1035 2897 conspicati

260 2896 361 2950 iiquoque
371 2898 458 2952 quicum
475 2897 584 2939 O’Donello
601 2898 682 2943 certant,
698 2894 773 2947 agmine
787 2896 865 2937 turbato
882 2900 936 2950 terga
950 2902 1034 2940 vertunt.

260 2950 380 3004 Monteguns
396 2953 454 2993 etiam
470 2966 515 2993 cum
530 2952 617 3005 equitatu
632 2949 701 3003 pedem
718 2948 780 2991 refert.
808 2951 990 2995 Bombardariorurn
1000 2955 1034 2994 alae
