2237 3535
125 357 168 385 cnr.
179 341 228 394 rin]
342 355 369 382 nn
383 355 447 384 anano
462 355 580 386 ourrnacru
594 355 703 383 assertura.
858 346 898 384 2223

126 451 227 500 11001101,1
236 451 313 492 tandem
322 452 375 494 illins
387 454 510 503 interfectori,
520 452 551 493 vel
566 452 702 506 deprehensori
711 452 803 505 grandem
813 455 900 506 pecuniae

123 521 218 549 summam
228 507 382 560 consenuerunt,
403 509 515 564 quinetiam
524 512 564 548 tam
573 506 686 561 inexpiabili
695 507 739 547 odio
750 521 794 547 eum
803 509 900 561 prosecuti

124 566 175 611 sunt,
186 567 210 602 ut
219 561 270 602 illius
287 563 344 603 etiam
361 564 514 618 consanguineos
529 562 651 610 labefactare,
668 576 708 603 non
725 562 840 603 destiterint.
868 563 900 603 Ex

123 617 193 671 quibus
203 617 296 657 rhomam
306 618 351 659 Mac
362 619 456 660 Oraclrum
466 618 557 659 antistitis
566 618 659 671 nepotem
675 631 698 657 ex
707 617 766 657 tratre
783 618 857 658 Thema
867 619 899 659 de-

122 673 238 727 prehensum
248 672 272 712 ad
280 673 337 714 fidem
348 674 465 715 Catholicam
479 672 603 714 deserendam
613 686 687 725 cogere,
698 676 717 712 et
727 672 816 725 praemiis,
827 678 847 713 et
861 677 899 714 ter-

123 741 164 768 rore
175 731 222 767 sunt
231 727 300 768 conati.
330 728 373 773 Qua
383 744 416 784 spe
433 729 508 783 dejecti,
524 728 597 781 magni,
608 732 628 767 et
643 726 726 767 maxime
736 727 831 768 Catholici
840 728 900 769 animi

123 783 185 823 virum
196 783 257 822 securi
274 788 414 836 percusserunt.
444 784 583 837 sedquoniam
599 783 620 823 in
636 782 722 836 episcopi
737 783 855 823 mentionem
869 785 899 824 in-

122 837 210 886 cidimus,
220 837 268 877 illud
278 838 318 891 ejus
328 853 425 892 magnum,
441 844 499 893 atque
508 853 573 880 rarum
589 839 660 878 mirum
676 851 751 891 nequeo
765 838 840 879 silentio
850 853 899 892 prae-

122 893 185 941 terire,
197 892 249 945 qubd
258 893 406 948 chirographum
420 895 453 935 vix
468 893 517 934 male
533 894 638 947 effingeret,
649 893 706 933 aliam
716 892 761 933 verb
777 907 802 934 ne
814 893 899 934 litteram

123 947 202 1000 quidem
218 961 276 988 unam
292 950 343 989 risus
360 950 385 990 sit
400 963 484 1002 unquam
502 948 596 989 scribere:
613 962 657 989 eum
674 953 738 988 tamen
751 948 798 989 adeb
809 948 898 998 disertus,

122 1006 179 1054 atque
199 1003 273 1056 sapiens
293 1004 379 1054 evaserit,
398 1008 420 1045 ut
440 1004 506 1044 doctor
525 1004 546 1044 in
565 1008 648 1057 utroque
665 1004 708 1057 jure
728 1008 804 1045 creatus
825 1018 898 1045 sacram

121 1057 246 1111 Theologiam
255 1057 345 1099 Lovaniae
355 1073 415 1099 annos
424 1058 498 1112 aliquot
516 1058 594 1112 publice
604 1059 629 1098 sit
638 1059 736 1112 professus
748 1059 828 1113 (quippe
842 1064 897 1100 tanto

121 1113 195 1165 ingenii
214 1114 306 1163 acumine,
316 1118 395 1166 tamque
404 1113 454 1154 felici
467 1114 558 1154 memoria
567 1113 659 1166 pollebat,
670 1118 727 1154 utne
738 1114 843 1168 discipulus
854 1115 897 1167 qui-

122 1167 164 1207 dem
174 1182 251 1208 necesse
267 1168 361 1217 habuerit,
377 1169 478 1209 lectionem
492 1169 544 1209 notis
560 1168 656 1221 excipere)
668 1173 687 1208 et
700 1169 723 1208 de
734 1169 821 1210 doctrina
830 1170 896 1210 Chris-

121 1222 468 1276 1100011101100111101010150110100]
485 1223 566 1276 posteris
580 1223 685 1276 reliquerit,
696 1224 751 1277 cujus
760 1226 860 1278 praeceptis
874 1226 896 1264 in

121 1278 173 1318 hunc
182 1292 243 1331 usque
254 1278 303 1318 diem
312 1279 404 1331 juventus
413 1279 434 1317 in
444 1292 465 1318 ea
475 1277 538 1317 insula
547 1278 662 1324 exeolitur.†

401 1436 683 1445 --..-..-.„..-..-....--.,0-a

432 1554 491 1595 CAP.
507 1553 557 1594 Vir.

300 1673 387 1707 lobannis
396 1672 465 1717 Aquila
474 1674 559 1706 adventus
568 1673 585 1706 in
595 1673 690 1707 Iberniam-

121 1794 173 1835 Hinc
183 1793 205 1833 in
215 1792 292 1833 lbernia
302 1792 348 1831 dum
358 1795 458 1843 geruntur,
469 1790 559 1844 Philippo
569 1791 611 1831 ΠΙ.
627 1791 676 1845 Regi
686 1791 785 1832 Catholico
797 1806 847 1832 curae
856 1792 895 1833 fuit

121 1849 197 1890 lbernis
206 1848 255 1888 ferre
265 1860 327 1900 opem,
338 1847 372 1898 qui
386 1846 461 1899 justum
478 1848 583 1886 exercitum
593 1847 697 1900 comparari
707 1847 759 1894 lecit,
770 1848 894 1899 quemadmo-

121 1905 167 1944 dum
177 1902 279 1951 O'Nellus,
289 1906 309 1941 et
318 1900 437 1941 O’Donellus
447 1901 547 1954 petierant.
577 1900 599 1940 Is
609 1902 703 1942 exereitus
713 1915 756 1940 oum
765 1902 786 1941 in
796 1901 895 1942 lberniam

120 1958 244 2012 trajiciendus
253 1957 311 1996 tuisse
321 1955 437 2009 sperabatur,
448 1956 499 2007 regia
519 1956 583 1995 classis
593 1956 677 1995 mittitur
685 1956 706 1995 in
716 1956 804 1996 Terceras
813 1957 894 2007 insulas,

120 2019 148 2064 ut,
159 2019 178 2054 et
188 2013 296 2066 Anglcrum
307 2010 368 2059 classi,
375 2024 417 2063 quae
427 2025 449 2050 eo
459 2011 527 2050 adiisse
537 2010 640 2059 ferebatur,
648 2010 723 2050 obuiam
729 2012 771 2060 iret,
782 2015 802 2051 et
811 2012 893 2053 navibus

120 2069 212 2109 Indicum
221 2081 295 2115 aurum,
306 2069 325 2106 et
341 2069 441 2118 argentum
450 2066 593 2118 asportantibus
603 2066 691 2118 prasidio
701 2070 756 2105 esset.
786 2065 830 2110 Qua
839 2082 894 2109 mora

121 2123 208 2172 efficitur,
218 2128 242 2162 ut
258 2122 352 2162 exercitus
368 2120 451 2161 iberniae
467 2120 577 2173 designatus
594 2121 662 2173 majori
677 2125 731 2173 parte
747 2120 772 2159 sit
782 2120 893 2176 dissipatus,

120 2178 215 2218 militibus
231 2175 364 2224 morientibus,
379 2179 398 2215 et
419 2175 544 2229 fugientibus.
574 2174 656 2228 Reliqua
672 2175 771 2228 proficitur
788 2176 893 2229 imperator

121 2232 221 2272 lohannes
230 2232 302 2286 Aquila
319 2245 376 2284 eques
393 2229 492 2283 Hispanus
507 2231 535 2270 rei
551 2230 639 2270 militaris
654 2231 733 2284 peritus,
744 2232 777 2283 qui
793 2230 813 2270 in
828 2232 893 2274 Gallia

120 2288 221 2327 Armorica
235 2292 302 2327 eontra
319 2285 390 2335 (101105,
406 2289 425 2325 01
441 2285 516 2338 Anglos
528 2299 599 2339 magna
608 2286 678 2326 virtute
687 2285 777 2338 prestit't.
806 2286 894 2328 Didacus

120 2342 229 2383 Brocherus
240 2342 352 2394 splendidus
365 2355 422 2393 eques
431 2339 531 2393 Hispanus
541 2355 565 2381 err
576 2340 677 2394 Religione
687 2341 733 2380 Divi
743 2340 837 2381 lobannis
847 2345 893 2384 arti-

120 2396 156 2437 bus
166 2397 195 2437 rei
204 2396 277 2437 bellicae
286 2401 343 2446 terra,
354 2396 437 2449 marique
454 2394 516 2435 clarus
531 2410 555 2435 er
571 2396 656 2436 Tereeris
666 2409 757 2444 reversus,
767 2397 820 2448 regia
829 2397 892 2448 classi,

120 2452 350 2505 inpraesentarium
364 2451 456 2505 accipiens
471 2450 492 2490 in
509 2450 608 2491 Iberniam
624 2450 687 2499 solvit,
698 2451 761 2503 quiin
771 2450 831 2491 altum
846 2467 893 2494 eum

120 2508 189 2548 fuisset
208 2514 316 2560 provectus,
337 2511 378 2548 orta
393 2507 505 2559 tempestate
524 2505 589 2546 classis
606 2506 627 2545 in
643 2505 690 2545 duas
709 2509 772 2558 partes
792 2505 892 2549 dividitur.

144 2649 152 2665 *
164 2647 194 2680 He
201 2647 237 2680 had
244 2657 255 2678 a
262 2656 333 2678 narrow
341 2654 402 2688 escape
409 2643 427 2676 in
440 2640 546 2681 November,
556 2642 606 2678 1600,
621 2646 639 2674 at
652 2641 743 2684 Lisbarry,
751 2641 810 2675 where
821 2643 844 2677 he
856 2656 893 2680 was

121 2692 215 2726 concealed
226 2692 245 2724 in
259 2702 269 2724 a
283 2696 361 2735 “poore,
375 2688 442 2733 ragged
453 2686 520 2724 sabim*
534 2686 577 2718 with
591 2686 623 2719 the
635 2686 680 2719 Earl
694 2686 715 2718 of
725 2684 848 2727 Desmond‚in
861 2692 893 2725 the

120 2738 176 2771 forest
191 2737 212 2771 of
227 2735 348 2769 Drumfinnin.
372 2733 463 2768 Desmond
475 2730 553 2775 escaped,
568 2731 620 2763 “but
634 2730 674 2764 Mac
690 2730 760 2775 Oraghe
773 2743 808 2765 was
820 2743 858 2768 met
870 2737 893 2782 by

120 2783 213 2822 sculdiers,
221 2781 303 2815 cloathed
310 2781 329 2813 in
337 2792 348 2813 a
356 2779 417 2823 simple
424 2776 495 2815 mantle,
502 2776 536 2808 and
543 2780 595 2808 torna
603 2781 692 2814 trowsers,
698 2775 734 2808 like
739 2787 761 2808 an
769 2779 816 2821 aged
823 2780 893 2823 churle,

121 2827 155 2859 and
162 2827 205 2872 thoy
212 2826 313 2871 neglectiug
322 2836 340 2859 so
349 2836 393 2869 poor
407 2836 418 2857 a
430 2826 516 2860 creature,
529 2825 562 2854 not
575 2820 640 2853 ableto
649 2832 700 2865 carry
708 2831 719 2853 a
728 2832 808 2866 weapon,
816 2826 894 2861 suffered

120 2869 156 2904 him
164 2877 183 2905 10
192 2883 232 2916 pass
240 2869 462 2915 unregarded.'¹-.Pocata
470 2865 560 2905 Hibernia,
568 2877 585 2909 p.
595 2867 633 2898 191.

143 2915 155 2958 †
168 2916 207 2949 Not
215 2916 316 2950 mentioned
323 2915 342 2948 in
350 2915 380 2948 the
388 2914 470 2956 ordinary
477 2911 577 2955 catalogues
586 2911 606 2944 of
616 2911 690 2945 modern
697 2910 745 2945 Irish
754 2915 884 2959 compilatione,
