2237 3535
258 390 298 431 155
384 393 517 434 o'snnnnvaur
533 407 634 434 rrrsrorum
649 407 773 444 carnotina,
788 407 835 435 rou.
850 407 883 434 rrr.
935 393 985 445 [nm.
996 405 1019 433 11.

257 502 329 553 Rubor,
347 518 370 544 cn
387 502 489 542 animantia
499 501 555 543 bruta
567 501 631 550 herba,
646 506 665 542 et
681 502 749 544 fronde
765 507 875 557 pascuntur.
910 502 973 555 lgitur
990 517 1025 542 nos

257 558 321 607 etiam,
339 559 371 610 qui
388 557 473 609 quamvis
489 557 568 597 rationis
583 556 684 610 participes
701 557 767 607 simus,
777 563 841 600 tamen
851 558 938 600 animalia
949 570 1025 610 quoque

257 626 329 661 sumus,
340 612 404 652 eidem
414 610 491 652 brevem
505 613 587 653 inediam
603 610 712 660 toleremus,
729 611 789 652 donec
806 629 818 653 a
833 614 871 654 fido
885 612 956 653 Fiaclro
971 611 1024 652 cibus

258 663 418 720 suppeditetur.”¹
437 665 507 721 Itaque
516 668 607 721 proximae
617 666 688 706 arboris
695 666 772 706 frondes
782 669 862 716 mandit,
873 669 889 709 tt
899 668 982 715 devorat,
992 666 1024 707 sed

258 722 329 761 oblatas
339 721 402 761 renuit
411 721 477 762 Actus.
507 722 588 763 Interim
602 722 685 762 Fiachus
699 721 774 761 nullum
788 721 871 775 lapidem
880 738 921 763 non
929 721 1023 770 movebat,

192 782 248 824 [raa]
256 780 277 816 vt
285 775 323 815 illis
333 775 397 816 cibum
413 775 570 826 subministraret,
580 777 613 817 diu
629 776 736 830 prohibitus
747 776 770 817 ab
780 776 836 829 iffitl
849 779 882 831 qui
891 780 931 832 ejus
942 776 1025 830 suspecti

254 830 338 871 hominis
347 832 377 872 vel
386 831 491 871 levissimos
505 837 576 885 gestus,
593 831 632 871 and
645 836 709 872 motus
725 831 825 873 notabant.
853 834 942 887 Denique
953 832 976 873 ad
985 835 1023 872 ter-

254 886 302 926 tiam
317 890 398 936 noctem,
414 900 447 938 per
463 886 532 927 milites
549 891 630 941 quatuor
646 886 710 928 cibum
726 887 783 927 misit.
812 889 873 927 Artus
889 887 957 942 lapidis
971 901 1023 936 casu,

253 940 350 994 longaque
358 941 423 981 incdit
432 942 530 982 confectus
539 956 574 982 nec
584 942 604 982 in
620 956 642 982 os
651 943 749 995 imponere
765 941 835 991 cibum,
846 956 882 983 nec
890 943 1003 996 impositmn
1012 958 1022 981 a

254 995 328 1044 Rubro,
340 997 355 1036 tt
365 996 458 1036 militibus
468 996 557 1037 mandere
566 1000 653 1050 pcterat3
668 996 739 1047 Ruber,
750 997 783 1050 qui
797 997 877 1037 validior
885 1001 931 1046 erat,
942 1002 962 1036 et
971 998 1022 1036 tron-

255 1051 310 1091 dibus
320 1050 428 1104 linquentes
438 1052 486 1092 vires
503 1066 543 1091 uon
558 1052 606 1092 nihil
622 1052 708 1101 retinuit,
719 1052 769 1092 socio
779 1051 854 1092 efflante
867 1052 949 1092 animam
959 1066 1022 1091 coram

253 1120 293 1158 praa
302 1120 381 1146 moerore
398 1107 495 1147 comedere
510 1107 620 1148 recusabat:
635 1111 700 1147 tamen
714 1108 764 1147 Arto
774 1106 784 1146 ὲ
794 1111 898 1160 conspectu
913 1110 988 1147 remoto
1002 1121 1022 1146 se

254 1161 296 1201 cibo
305 1161 402 1201 reficerea
415 1161 508 1202 militibus
523 1163 603 1215 cogitur.
632 1161 738 1215 Postquam
755 1162 879 1215 perturbatio,
896 1161 1022 1202 &tumultus

254 1230 325 1264 eorum,
342 1217 375 1268 qui
390 1215 479 1257 Rubrum
493 1216 620 1270 inquirebant,
639 1217 765 1266 sedatusesr,
776 1218 824 1257 Arto
841 1218 942 1257 inhumato
956 1215 1022 1256 Ruber

253 1270 335 1322 pedibus
344 1284 394 1324 aeger
403 1272 424 1311 in
433 1271 500 1312 Fiachi
509 1272 587 1312 domum
603 1272 677 1312 delatus
687 1272 735 1312 olam
750 1275 833 1321 curatur,
844 1276 969 1325 curatumque
978 1270 1021 1311 Fia-

254 1325 301 1365 chus
310 1340 344 1378 per
358 1325 452 1366 Vaterum
466 1327 587 1367 Giraldinum
600 1327 686 1367 Fuscum
695 1327 716 1366 in
726 1327 824 1367 Vltoniam
834 1327 859 1367 ad
869 1328 958 1367 comitem
968 1326 1021 1366 Tiro-

253 1395 306 1429 num,
317 1381 399 1421 ‘tironus
409 1381 432 1421 ad
442 1381 488 1422 Mac
496 1382 574 1422 Guirem
585 1384 600 1422 h
610 1381 656 1423 Mac
666 1382 726 1422 Guier
735 1382 759 1422 ad
768 1382 828 1436 ipsius
835 1385 908 1436 patrem
916 1381 1020 1435 Hugonem

254 1434 382 1477 O’Donellum
392 1437 517 1477 Tirconnellae
527 1438 632 1491 principem
641 1438 707 1477 mittit.

584 1709 641 1749 OAP.
657 1708 681 1747 V.

275 1830 337 1863 Ruber
345 1829 366 1863 de
373 1827 442 1872 injuriis
451 1828 483 1862 sibi
491 1827 545 1861 illatis
554 1826 644 1871 quaeritur,
653 1830 671 1858 et
684 1824 804 1858 O¹Donnellus
813 1828 882 1856 creatus
889 1824 966 1866 patriam
974 1822 996 1856 ab

510 1873 572 1906 haeresi
580 1871 642 1905 statuit
650 1869 746 1904 vindicare.

250 1989 294 2029 Pna
303 1988 324 2027 id
334 1990 409 2040 tempus
419 1985 484 2025 Willis
500 1984 576 2036 Anglus
592 1997 635 2023 oum
652 1982 762 2024 cohortibus
779 1980 853 2022 duabus
869 1977 890 2021 in'
906 1981 1019 2022 Tirconnela

250 2043 345 2084 tributum
355 2040 449 2095 exigebat,
460 2054 517 2093 quem
527 2038 572 2079 Mac
587 2038 678 2078 Suinnius
694 2037 796 2077 Banachus
811 2036 862 2077 illico
872 2050 973 2089 aggressus
983 2041 1018 2086 est,

248 2098 283 2139 ubi
293 2098 316 2138 de
326 2097 387 2137 Rubri
396 2095 488 2136 incolumi
498 2093 581 2134 adventu
590 2093 685 2145 cognorit.
713 2091 778 2132 Willis
787 2092 808 2131 in
817 2091 954 2131 monasterium
967 2092 1018 2144 quod

249 2154 393 2194 Munimentum
409 2148 546 2190 externorum
555 2148 630 2196 dicitur,
645 2162 665 2187 se
674 2147 751 2199 recepit,
779 2145 820 2185 Ubi
834 2146 968 2186 circumsessus
978 2161 1018 2187 sese

234 2248 237 2254 ,
248 2208 312 2249 Rubri
321 2207 399 2248 arbitrio
408 2205 509 2259 permittit,
519 2219 531 2243 a
541 2218 579 2257 qno
588 2202 689 2243 incolumis
706 2200 789 2241 mittitur
801 2200 867 2252 jussus
880 2200 941 2253 ipsius
956 2201 1018 2242 verbis

247 2264 324 2311 referre,
334 2263 419 2315 reginam
429 2264 447 2300 et
458 2260 498 2314 ejus
507 2260 607 2312 praefectos
613 2255 680 2310 inique
686 2269 730 2296 cum
739 2254 815 2295 Ibernis
825 2269 890 2308 agere;
905 2256 1017 2309 religionem

248 2317 366 2359 Catholicam
376 2316 434 2369 impie
444 2315 594 2363 contaminasse3
609 2326 672 2352 sacros
686 2310 791 2363 episcopos,
801 2313 858 2363 atque
872 2311 978 2351 sacerdotes
988 2312 1017 2352 in-

248 2371 331 2414 humane
347 2376 365 2412 et
381 2370 461 2411 barbare
478 2369 583 2411 cruciasse:
598 2366 673 2407 nobiles
688 2365 795 2405 Oatholicos
812 2365 912 2406 crudeliter
922 2380 988 2420 capere
998 2371 1017 2407 et

250 2429 325 2477 delere3
339 2427 393 2467 nefas
403 2440 437 2479 pro
452 2426 495 2479 jure
503 2423 586 2473 habere3
600 2423 665 2476 ipsum
675 2419 739 2461 dolose
749 2423 768 2459 et
777 2419 847 2473 perfide
857 2421 1016 2473 deprehendisse,

249 2483 274 2524 ob
283 2484 304 2523 id
313 2482 382 2535 Anglis
392 2495 428 2521 neo
437 2481 531 2521 tributum
541 2491 651 2533 pensurum,
661 2490 697 2517 nec
707 2474 886 2528 obtemperaturum.

277 2537 396 2578 O'Donellus
406 2543 482 2589 quoque
492 2549 549 2576 senex
563 2547 603 2574 sese
617 2532 727 2586 principatu
739 2529 834 2581 abdicans,
850 2534 952 2585 postquam
961 2531 1015 2571 illum

248 2593 318 2647 viginti
328 2592 366 2633 fert
376 2606 436 2632 annos
445 2591 500 2639 rexit,
507 2589 573 2630 Rubro
579 2588 617 2628 filio
623 2600 687 2627 rerum
695 2584 876 2627 administrationem
886 2589 905 2625 et
914 2586 1015 2639 imperium

249 2648 376 2697 demandavit,
386 2647 441 2687 illum
450 2645 564 2699 prinoipem
574 2642 704 2684 O'Donellum
713 2641 813 2681 nominans
823 2645 843 2682 et
852 2642 893 2694 ejus
902 2641 1015 2682 authoritati

248 2703 324 2744 obedire
335 2717 400 2742 omnes
410 2716 449 2741 suae
464 2701 532 2741 ditioni
541 2699 636 2753 subjectos
649 2695 724 2750 jubens,
734 2699 753 2736 et
762 2696 802 2749 ipse
812 2710 872 2737 annos
882 2700 955 2749 septem
966 2710 1014 2749 quos

247 2762 314 2812 postea
330 2758 382 2807 vixit,
398 2757 513 2797 Ibernorum
529 2757 640 2808 magnatum
659 2751 750 2803 exemplo,
770 2751 850 2793 orationi
870 2754 888 2790 et
907 2751 1015 2792 divinarum

194 2918 199 2926 ι
271 2896 333 2929 *Dun
341 2894 419 2933 naGalL
432 2894 462 2928 the
475 2893 580 2927 Franciscan
594 2891 680 2925 (inurent.
705 2889 765 2935 Hugh,
773 2890 890 2934 immediately
898 2890 944 2924 after
952 2891 979 2924 his
987 2903 1014 2925 re.

247 2940 382 3029 {ubibpipxpessffl
390 2941 420 2973 the
429 2939 504 2985 English
513 2938 547 2972 and
553 2936 633 2971 restored
639 2935 668 2969 the
674 2934 731 2969 friars.
756 2937 893 2976 FourMasterr,
905 2936 955 2970 Ab.
964 2938 1014 2977 1592,
