2237 3535
219 424 245 462 111
360 425 494 466 o’suunnvanr
508 436 611 466 Hrsronlrn
626 435 751 475 carnonrorn,
762 439 803 467 rou
811 440 834 467 rr.
902 427 951 479 [nra.
962 439 991 466 ru.

217 534 268 574 rium
279 534 381 576 hominum
390 535 476 577 vestibus
490 533 606 576 dissimulati
621 533 708 574 incedere
723 536 806 578 audent:
821 538 841 578 in
852 551 918 577 eorum
927 536 992 576 locum

216 588 331 640 Lustrarunt,
356 591 466 632 Caluinistae
481 595 501 632 et
515 591 556 631 aliae
571 588 704 630 haereticorum
721 594 778 632 sectae
795 593 925 633 sufficiuntur:
940 590 991 640 fidei,

217 645 314 698 religioni,
331 647 405 699 pietati,
421 647 488 686 virtuti
502 645 585 686 nuncius
601 643 718 684 remittitur:
733 646 828 699 voluptas,
846 647 912 697 libido,
923 645 991 695 scelus,

217 699 302 751 haeresis,
313 701 400 754 hospicio
410 701 510 754 excipitur.
538 700 648 753 Imperetur
657 701 679 738 ut
689 698 756 752 regina
766 702 851 743 ecclesiae
862 717 939 743 suorum
948 715 991 754 reg-

217 769 289 796 norum
304 760 368 809 caput,
385 759 405 796 et
421 756 509 808 princeps
526 758 566 793 esse
582 753 606 794 ab
616 753 705 793 omnibus
716 756 831 797 concedatur
841 761 861 797 et
868 757 991 812 jurejurando

218 811 348 851 confirmetur.
378 810 427 851 Hac
434 810 487 863 jussa
496 822 531 862 per
546 809 611 861 regios
626 808 724 848 ministros
742 812 762 848 et
777 812 878 864 praefectos
894 816 992 867 coeperunt

218 867 327 907 executioni
337 864 422 905 mandari
429 864 513 917 primurn
519 863 539 902 in
545 863 603 916 regiis
610 862 691 916 oppidis
699 863 841 917 oppidanorum
847 881 921 908 summa
930 868 991 908 reluc-

218 922 292 961 tatione
302 925 321 960 et
330 918 450 968 constantit3
460 918 506 959 inde
515 919 536 958 in
543 918 658 958 Ibernornm
668 918 778 971 principum
788 920 870 962 ditiones
880 923 990 972 transtersi;

219 976 289 1029 quibus
308 974 359 1028 quod
365 973 462 1027 principes
471 973 550 1014 minime
560 972 679 1013 subscribere
693 974 802 1024 voluerunt,
812 977 870 1017 variae
878 982 926 1018 artes
936 992 991 1018 exco-

218 1031 310 1083 gitantur,
329 1029 399 1082 quibus
418 1028 474 1069 bonis
485 1028 597 1082 spolientur,
608 1028 668 1081 gradu
678 1027 798 1082 dejiciantur,
808 1032 868 1071 morie
877 1032 991 1085 plectantur.

218 1085 272 1126 Hinc
291 1085 365 1137 capitur
383 1085 461 1125 ferrum.
491 1084 581 1137 Regnum
601 1082 657 1132 bello,
677 1084 735 1133 caede,
755 1084 819 1135 famae,
834 1086 908 1139 flagrat,
922 1087 991 1136 uritur,

216 1141 272 1193 perit.
293 1139 355 1180 Dum
374 1139 435 1193 aliqui
453 1139 521 1179 lberni
529 1153 564 1192 pro
574 1138 681 1190 Religionis
696 1138 806 1189 Catholicae,
818 1141 890 1193 suaque
899 1141 987 1182 libertate

215 1199 287 1248 gerunt
296 1209 353 1244 arma,
364 1195 442 1236 interim
451 1194 526 1234 coeteris
535 1192 657 1247 magnatibus
668 1197 687 1234 et
696 1194 754 1247 regiis
769 1195 844 1248 oppidis
853 1197 991 1248 persecutionis

214 1251 289 1291 vacatio
308 1250 364 1290 datur
374 1250 422 1290 dum
430 1249 524 1290 libertatis
534 1252 636 1289 assertores
651 1249 782 1289 conficiantur.
812 1250 890 1290 Horum
899 1251 992 1291 scelerum

215 1305 489 1359 princepsElizabetharegina
495 1304 631 1345 nonimmerito
639 1303 677 1344 fnit
686 1305 891 1345 excommunicationis
900 1319 992 1346 mucrone

214 1375 305 1414 percussa
314 1376 325 1401 a
334 1361 370 1401 Pio
376 1361 402 1401 V.
412 1360 507 1400 Pontifice
516 1359 609 1399 Maximo.
638 1358 741 1413 Digniores
751 1363 857 1400 memoratu
866 1375 895 1400 res
906 1375 947 1413 quae
958 1375 992 1413 per

214 1416 259 1457 illos
278 1430 338 1457 annos
357 1416 427 1469 viginti
443 1430 513 1455 novem
522 1413 635 1455 Elinabethat
648 1417 741 1467 regnante
756 1419 815 1469 gestae
832 1419 884 1465 sunt,
900 1415 934 1456 etsi
951 1429 991 1456 non

216 1486 284 1512 omnes
293 1475 359 1513 tamen
368 1471 453 1512 marimb
461 1475 516 1524 parte
525 1470 682 1523 perstringemus.

496 1676 722 1683 ψ-

548 1796 608 1837 OAP.
623 1795 652 1837 Π.

308 1931 320 1964 J
321 1931 394 1965 ohannis
403 1928 494 1963 Trarersii
503 1927 587 1962 Doctoris
597 1926 684 1972 Theolcgi
692 1926 766 1971 insignis
774 1925 886 1971 martyrium.

212 2035 356 2075 Memoriana
371 2035 400 2072 est
410 2029 462 2083 quod
472 2029 496 2069 de
513 2028 602 2068 Johenne
619 2026 718 2067 Traversio
726 2025 797 2067 Iberno
808 2027 870 2067 Sacrae
879 2028 989 2081 Theologiae

211 2090 297 2130 Doctore
306 2087 382 2127 Alanus
391 2086 457 2138 oopus
467 2088 486 2125 et
493 2084 551 2124 Pater
559 2082 657 2123 Henricus
667 2082 808 2123 Dublinnensis
818 2083 915 2123 memoriae
924 2083 988 2136 prodi-

212 2146 289 2194 derunt,
300 2143 333 2196 qui
343 2144 364 2182 in
374 2140 455 2182 Henrici
464 2154 489 2180 ne
499 2153 524 2179 an
533 2138 554 2178 in
563 2137 681 2178 Enzatethae
698 2142 785 2189 tempora
793 2136 889 2186 inciderit,
900 2152 935 2191 ego
946 2137 988 2190 qui-

210 2215 256 2241 nem
263 2199 342 2239 minime
352 2197 398 2237 satis
404 2198 524 2248 compertum
533 2193 601 2234 habeo.
617 2192 638 2233 Is
647 2193 669 2232 in
678 2191 787 2245 Anglorum
796 2192 882 2231 haeresim
894 2192 988 2246 quaedam

211 2256 286 2309 scriptis
294 2252 399 2301 mandavit,
408 2250 478 2304 quibus
484 2249 584 2289 Pontificis
590 2247 708 2300 Marimijus
716 2250 736 2286 et
746 2246 881 2286 authoritatem
891 2247 987 2288 tuebatur.

211 2310 242 2351 Ob
252 2310 273 2350 id
288 2307 317 2350 'ad
333 2308 409 2361 regium
427 2304 513 2345 tribunal
523 2303 635 2357 productus
642 2305 661 2342 et
671 2303 693 2342 et
704 2301 779 2341 derra
792 2301 857 2354 judice
871 2302 986 2355 postulatus

118 2375 121 2381 '
167 2393 189 2423 82
210 2366 260 2406 nibil
269 2359 474 2418 trepidarespondens
486 2363 499 2381 “
508 2359 538 2399 lris
544 2358 610 2412 inquit
618 2357 631 2382 ’²
640 2357 711 2410 digitis,
723 2355 843 2408 [ostendebat
853 2359 930 2410 autemst
941 2357 986 2397 der-

159 2391 166 2432 [
191 2416 195 2425 ’
211 2427 258 2462 terae
274 2419 343 2460 maniis
357 2417 453 2472 pollicem,
463 2415 546 2455 indicem
557 2418 576 2454 et
586 2412 687 2464 medium)
699 2426 721 2451 ea
731 2414 777 2450 sunt
786 2426 834 2452 ame
844 2413 919 2465 scripta,
930 2413 986 2466 cujus

210 2477 257 2517 faeti
266 2476 288 2515 in
298 2479 337 2515 tam
346 2473 399 2513 bont
409 2474 428 2511 et
439 2470 505 2510 sancta
512 2469 569 2509 causa
578 2482 614 2509 neo
624 2481 654 2507 me
663 2466 757 2521 paenituit
766 2480 807 2507 nee
817 2467 922 2521 paenitebit.
951 2467 985 2507 In-

210 2532 233 2572 de
243 2532 303 2572 morti
311 2529 406 2577 addictus,
415 2527 466 2566 inter
475 2529 551 2565 caeteras
559 2523 686 2564 atrocissimas
694 2534 768 2574 poenas,
777 2534 824 2575 quas
834 2521 893 2572 dedit,
903 2523 943 2576 ejus
952 2522 986 2563 illa

211 2586 302 2640 praeclara
320 2598 412 2625 manusa
427 2585 500 2621 tortore
513 2579 597 2620 abscissa
614 2581 633 2618 et
648 2578 669 2617 in
685 2577 752 2628 ignem
767 2578 852 2631 conjecta
867 2577 986 2617 comburitur

209 2645 279 2695 praeter
299 2640 342 2680 illos
371 2651 435 2679 sacros
455 2636 526 2688 digitos
544 2638 591 2684 tres,
605 2632 676 2687 quibus
691 2631 725 2671 illa
744 2632 813 2685 scripta
829 2633 918 2681 exaravit,
936 2644 985 2685 quos

208 2697 259 2749 ignis
269 2695 392 2750 quantumvis
402 2695 487 2734 structus
498 2695 517 2731 et
527 2704 618 2731 accensus
628 2686 757 2740 nequicquam
766 2689 830 2741 potuit
840 2687 962 2728 absumere.÷÷

232 2829 239 2843 ’‘
253 2827 328 2860 Trauers
338 2824 434 2867 according
442 2827 461 2856 to
477 2822 516 2856 Cor
524 2831 559 2854 tras
568 2815 649 2862 engaged
656 2815 674 2847 in
682 2825 729 2848 arms
738 2814 780 2848 with
787 2816 843 2849 silken
853 2815 936 2856 Thomas,
944 2828 982 2863 pp.

208 2874 290 2906 235-245.
