2237 3535
110 425 152 452 cnr.
163 412 200 464 vr.)
278 422 364 451 inunum
375 425 473 456 cuoucno
483 426 509 453 rr
520 424 593 453 nuens
604 425 701 453 orsurus.
852 416 876 453 [55

108 521 222 561 lbernorum
232 520 376 563 Ultonieusiunr
390 524 476 564 fortunas
491 527 548 576 atque
563 524 691 576 possessiones
703 521 809 562 invadunt:
824 520 848 561 ob
858 522 878 562 id

107 576 175 615 horum
184 576 274 617 nonnulli
283 576 375 617 resistunt
384 582 403 619 et
412 578 511 619 rebellant.
551 577 588 617 Sed
597 578 669 617 iterum
678 591 729 616 arma
740 577 834 629 deponere
844 590 875 616 ex-

107 631 284 673 communicationis
294 645 384 673 mucrone
392 637 488 687 coguntur
498 632 598 673 aViviano
606 632 689 672 Romani
698 631 797 672 Pontificis
806 630 875 684 legato.

435 933 494 975 CAP.
510 935 548 975 VI.

240 1052 409 1089 Ibernorunrvatnm
415 1057 540 1100 praesensiones
548 1058 568 1090 de
575 1056 650 1090 Iberniae
659 1054 733 1088 excidio.

103 1158 205 1202 lravenit
219 1161 296 1203 Ibernio
312 1164 332 1203 in
349 1164 457 1217 Anglorum
473 1168 593 1218 potestatem.
623 1164 681 1209 Quod
691 1166 735 1204 ante
744 1162 803 1215 longe
813 1175 872 1202 anuo-

102 1231 145 1256 rum
159 1216 229 1257 saeculo
239 1217 304 1258 Iberni
315 1222 334 1257 et
344 1219 424 1272 gentiles
434 1219 489 1259 arioli
499 1223 518 1259 et
528 1219 575 1259 sacri
589 1222 648 1268 vates,
658 1217 763 1273 Columba,
778 1217 869 1265 Ultanus,

101 1271 243 1322 Bearelranuus,
261 1273 350 1322 Siannus,
367 1276 386 1313 et
403 1273 434 1312 alii
450 1274 589 1325 portenderunt
598 1277 617 1312 et
627 1276 691 1326 aperte
701 1273 746 1312 satis
755 1272 871 1312 indicaverat

101 1323 149 1366 illud
158 1331 177 1367 et
186 1326 260 1367 celebre
269 1326 371 1375 somnium,
382 1327 434 1379 quod
444 1327 551 1367 Cormalrus
565 1327 609 1367 Arti
618 1327 669 1366 filius
678 1326 761 1366 lberniae
776 1330 872 1379 sceptrum

101 1396 167 1434 gerens
177 1382 287 1422 somniavit.
314 1380 334 1420 Is
343 1395 376 1434 per
386 1382 470 1434 quietern
480 1382 529 1422 vidit
538 1382 559 1421 iu
568 1380 665 1422 Iberniam
675 1380 754 1421 classem
764 1380 870 1434 appulisse:

100 1450 123 1476 er
132 1437 168 1476 lrac
177 1450 267 1489 magnam
276 1435 421 1475 multitudinem
431 1436 497 1476 ovium
510 1437 531 1476 in
545 1440 614 1476 terram
629 1435 755 1484 descendisse,
769 1449 805 1475 nec
813 1435 871 1475 iuter-

99 1492 162 1544 posita
172 1504 226 1530 mora
235 1505 259 1530 ex
268 1489 352 1530 Iberniae
361 1490 418 1543 sylvis
428 1494 447 1530 et
457 1491 556 1532 montibus
563 1492 661 1544 ingentem
670 1490 761 1544 luporum
771 1490 811 1530 vim
820 1490 872 1529 veni-

100 1549 163 1586 entem
173 1545 241 1585 ovibus
257 1545 301 1584 iisse
317 1544 404 1585 obviam:
419 1546 507 1598 praelium
523 1547 582 1586 t'uissc
598 1547 732 1586 commissum:
748 1548 806 1598 atque
815 1544 871 1597 lupos

99 1600 177 1640 tandem
186 1598 210 1639 ab
220 1599 288 1640 ovibus
297 1600 351 1640 fusos
365 1604 423 1653 atque
436 1601 515 1655 fugatos
528 1601 570 1641 loco
585 1602 669 1642 cessisse.
699 1599 744 1644 Qua
754 1600 778 1640 de
787 1614 808 1640 re
817 1600 871 1640 arioli

99 1655 181 1695 consulti
195 1654 342 1708 responderunt,
358 1656 432 1696 somnio
447 1657 498 1710 regis
511 1656 585 1697 ostendi
601 1657 623 1696 in
639 1656 737 1697 Iberniam
751 1655 869 1707 alienigenas

98 1714 189 1750 venturos
216 1710 281 1759 fuisse,
299 1710 332 1762 qui
353 1710 455 1751 verborum
477 1711 575 1760 blanditia,
593 1712 638 1751 fieta
657 1715 677 1751 et
693 1711 758 1751 dicata
777 1710 867 1759 amicitia,

97 1765 144 1805 falsa
154 1764 216 1818 speeie
225 1764 315 1805 utilitatis
324 1764 348 1805 ab
358 1765 434 1806 Ibernis
443 1766 499 1807 facile
509 1767 583 1820 excepti
592 1766 647 1820 regni
656 1765 736 1819 imperio
746 1766 868 1818 potirentur:

97 1825 117 1860 et
125 1820 171 1860 inde
180 1819 262 1860 Iberuos
271 1820 321 1860 viros
332 1821 391 1860 animi
400 1822 523 1875 corporisque
537 1822 604 1862 robore
618 1825 731 1875 praestantes
745 1821 802 1860 variis
813 1819 867 1870 dolis,

97 1875 196 1916 fraudibus
206 1879 225 1915 et
235 1874 308 1915 artibus
322 1876 399 1924 sensim,
410 1883 429 1916 et
438 1876 505 1917 furtim
516 1876 617 1930 perderent
627 1880 684 1929 atque
694 1875 785 1916 delerent.
810 1874 869 1918 Quod
915 1912 917 1914 ,

96 1931 158 1983 plane,
174 1930 252 1970 minime
269 1943 323 1969 secus
340 1930 427 1983 contigit.
458 1931 511 1975 Quid
530 1932 581 1972 enim
597 1931 688 1972 blandius
706 1930 740 1971 illa
758 1929 868 1983 Anglcrum

96 1986 156 2038 prima
165 1985 298 2034 familiaritate,
316 1987 336 2024 et
351 1984 433 2025 amicitia
451 1987 581 2027 commentitia
590 1990 610 2026 et
619 1986 700 2027 fucata?
729 1985 783 2030 Qud
793 1983 867 2038 optabi-

95 2041 133 2081 lius
141 2040 179 2080 illis
188 2039 292 2093 promissis,
303 2039 374 2092 quibus
383 2040 447 2080 faciles
457 2046 476 2081 et
491 2041 585 2094 simplices
599 2042 694 2094 majorum
705 2045 816 2081 nostrorum
825 2040 866 2079 ‘ani-

96 2110 137 2136 mos
147 2094 278 2148 deceperunt?
289 2094 335 2147 quid
343 2095 447 2148 jucundius
458 2100 477 2136 et
486 2096 550 2136 laetius
559 2097 672 2149 oequissima
682 2095 817 2143 moderatione,
827 2107 866 2147 qua

95 2165 116 2191 se
124 2150 207 2191 Iberniae
216 2148 359 2203 rempublicam,
369 2164 409 2190 nou
418 2150 475 2191 ruodo
490 2154 634 2191 conservaturos
651 2150 685 2191 sed
700 2155 790 2190 aucturos
806 2149 865 2189 fuisse

95 2209 140 2246 sunt
149 2204 246 2258 polliciti?
276 2203 330 2248 Quid
340 2205 428 2254 sanctius,
446 2206 493 2259 qm‘d
502 2205 628 2246 venerabilius
640 2206 697 2259 jussu
705 2205 802 2259 pontificis
813 2218 864 2244 surn-

95 2262 121 2301 mi
131 2261 164 2314 qui
174 2264 193 2300 et
202 2274 237 2300 sua
247 2259 362 2300 authoritate
371 2263 391 2300 et
404 2274 528 2302 censurarum
542 2260 709 2301 ecclesiasticarum
723 2264 796 2300 terrore
810 2258 864 2299 Iber-

94 2330 129 2356 nos
143 2314 213 2368 Anglis
231 2314 324 2368 subegit?
353 2315 381 2355 At
398 2328 455 2368 quiam
474 2320 541 2356 contra
556 2315 708 2369 pollicitationes,
725 2318 796 2368 praeter
811 2328 865 2367 spem

94 2371 185 2419 omnium,
195 2373 265 2424 praeter
280 2369 394 2422 pontificum
408 2370 540 2411 Romanorum
556 2370 706 2424 expectationem
722 2370 806 2411 Ibernio
815 2383 864 2410 rem-

93 2425 189 2480 publicam
204 2428 320 2473 everterunt,
338 2429 435 2478 magnates
452 2430 471 2465 et
486 2426 537 2466 uros
547 2432 634 2467 strenuos
645 2440 735 2475 summos,
747 2429 804 2478 atque
819 2438 864 2464 con-

92 2480 218 2521 stantissimos
237 2479 346 2521 Catholicos
369 2481 421 2521 vario
440 2484 580 2534 stratagemate,
600 2481 651 2531 dolo,
671 2481 744 2530 fraude,
769 2479 863 2519 sexcentis

93 2536 165 2576 artibus
179 2535 308 2584 extinxerunt,
323 2534 362 2576 ima
379 2539 398 2576 et
414 2550 488 2577 summa
503 2537 635 2577 miscuerunt!
664 2536 696 2576 Ita
711 2539 788 2588 peecata
797 2537 863 2574 nostra

92 2593 216 2640 meruerunt5
230 2590 258 2630 ita
267 2590 304 2629 tuit
314 2589 397 2630 Numini
406 2593 481 2641 visum3
495 2591 522 2631 ita
532 2590 585 2631 Deus
596 2592 640 2632 sivit
652 2605 692 2631 non
701 2595 779 2644 propter
788 2588 863 2642 Angla-

91 2661 134 2686 rum
143 2645 239 2694 meritum,
250 2644 284 2685 scd
293 2644 318 2685 ob
328 2644 443 2689 Ibernorum
450 2646 532 2701 culpam,
541 2649 563 2685 ut
570 2645 616 2687 olim
626 2646 647 2687 in
657 2660 692 2687 suo
701 2645 791 2686 vaticinio
799 2644 862 2685 Divus

92 2700 275 2742 Meltambhlaclrtus
284 2699 392 2753 praediuitll
871 2703 898 2744 [61
904 2705 918 2746 ,]
