2237 3535
111 361 155 388 oar.
171 347 214 398 ru]
329 362 356 389 on
370 362 435 391 nunno
450 362 569 394 orrannum
584 363 693 391 annorum.
845 354 883 392 215

441 520 499 562 CAP.
515 519 545 560 Π.

293 616 363 652 Huonis
373 619 463 654 O'Morrae
471 631 514 654 nece
523 619 603 664 Lagonia
610 623 692 663 pacatur.

108 718 193 757 Buunro
210 715 289 771 Proregi
306 721 402 773 suppetias
419 723 473 762 eunti
489 722 550 762 Porto
565 720 623 761 Lisiae
640 720 760 775 principatus
774 722 813 762 arci
824 722 884 763 Huon

109 772 201 812 O’Morra
210 772 294 813 militum
310 788 390 817 numero
404 777 483 818 inferior
498 776 587 826 occurrit,
598 780 617 816 et
627 789 651 815 er
661 776 701 817 suis
710 776 787 817 incaute'
797 791 884 831 egressus

108 826 199 879 plumbea
204 826 274 879 glande
281 829 380 871 confossus
386 846 430 872 cum
440 847 479 873 uno
486 833 555 873 comite
563 832 615 873 solus
622 831 721 873 occumbit
728 833 748 872 :f
758 833 813 886 cujus
823 837 884 873 morte

107 881 190 935 Lagenii
199 883 238 922 fere
254 898 319 924 omnes
333 887 396 927 animo
406 891 559 937 consternantur,
571 892 590 927 et
600 888 611 927 h
620 886 695 927 Blunto
712 888 796 941 Prorege
812 888 849 929 citb
863 889 884 928 in

107 937 567 995 amicitiamrecipiunturDanielHispaniensi5,†
573 941 658 983 Felmius
665 942 760 994 O'Bruin,
768 943 883 984 O'Tueliiles

107 992 187 1045 equites,
198 997 217 1031 et
226 993 264 1043 alii,
275 998 353 1048 totaque
362 995 412 1049 pene
428 996 514 1049 Lagenia
529 997 579 1038 bello
597 998 676 1047 defessa,
687 1003 707 1040 et
720 1003 794 1040 vastata
804 1003 883 1052 pacatur

106 1051 176 1100 praeter
185 1047 321 1104 ltaymundum
330 1049 442 1091 &Monam
452 1052 530 1093 Huonis
539 1053 623 1094 fratrem.

435 1336 493 1377 Chi).
508 1336 550 1377 ΙΙΙ.

329 1461 462 1496 Momoniarum
469 1461 536 1495 bellum
545 1462 650 1495 confectum.

102 1580 210 1629 Momouu,
220 1579 274 1632 quod
283 1578 346 1619 adhuc
356 1577 480 1619 facultatibus
491 1578 515 1618 ad
530 1579 635 1632 gerendum
645 1578 719 1619 bellum
729 1578 787 1619 validi
796 1593 836 1619 non
846 1594 880 1633 po-

101 1639 166 1676 terant
176 1634 231 1675 facile
241 1634 314 1674 viribus
324 1633 348 1674 ab
358 1634 430 1687 Anglis
446 1633 542 1683 debellari,
553 1634 589 1675 hae
599 1639 639 1675 arte
649 1640 695 1675 sunt
705 1634 772 1675 eversi.
801 1633 880 1675 floren-

101 1691 141 1730 tius
152 1690 197 1730 Mac
207 1689 285 1730 Carrhae
303 1689 372 1742 Magni
389 1689 440 1728 filius
457 1703 502 1729 cum
517 1689 583 1742 regina
599 1690 621 1730 de
637 1689 758 1730 Glancarrhae
770 1689 880 1743 principatu

101 1745 196 1799 litigabat,
206 1748 230 1785 ut
239 1745 328 1785 vidimus.
358 1744 395 1784 Oui
412 1743 487 1796 Regina
503 1745 665 1797 potestatemfecit
681 1745 736 1784 illum
750 1744 880 1798 principatum

101 1813 180 1854 quoque
196 1800 254 1840 modo
271 1803 341 1852 posset,
359 1799 456 1839 adimendi
471 1799 550 1839 Danieli
565 1799 610 1840 Mac
620 1800 703 1849 Oarrhae,
715 1803 734 1839 et
744 1813 819 1852 semper
829 1800 879 1840 obti-

100 1856 166 1896 nendi.
195 1855 304 1895 Florentius
314 1854 325 1893 a
334 1853 444 1903 clientibus,
454 1853 549 1902 obaeratis,
560 1858 579 1894 et
593 1855 659 1895 amicis
669 1855 766 1908 accipitur,
777 1858 797 1894 et
806 1853 877 1895 Daniel

100 1909 199 1960 deseritur,
210 1924 235 1950 ne
245 1911 257 1950 a
266 1910 370 1950 Desmonio
388 1908 465 1961 quidem
481 1910 550 1949 comite
560 1909 643 1950 adiutus.
674 1910 712 1950 Sed
731 1909 782 1949 brevi
797 1907 876 1950 Floren-

99 1966 152 2017 tius‡
160 1966 200 2019 ipse
206 1967 283 2006 vinctus
289 1963 313 2004 ab
319 1964 389 2017 Anglis
398 1963 420 2002 irr
425 1963 517 2016 Angliam
523 1964 612 2013 mittitur,
618 1965 653 2004 ubi
663 1964 683 2004 in
693 1964 803 2004 Loudinam
813 1979 876 2005 arcem

100 2020 237 2061 custodiendus
248 2020 335 2060 detrusus
346 2023 381 2068 est,
392 2022 411 2058 et
420 2017 490 2058 Daniel
504 2018 577 2058 viribus
592 2020 696 2059 destitutus
706 2028 750 2059 cum
760 2017 830 2071 Anglis
839 2020 875 2059 im-

99 2077 206 2126 punitatem
216 2075 324 2128 paciscitur.
353 2074 385 2114 Ita
395 2072 473 2113 dimidia
482 2087 526 2126 pars
536 2073 605 2114 virium
615 2088 687 2123 eorum,
699 2075 759 2127 quiin
769 2074 877 2116 Momcniis

99 2129 172 2169 bellum
182 2130 346 2177 administrabant,
356 2127 474 2181 infringitur.

127 2184 198 2225 Contra
207 2185 335 2226 Desmonium
350 2184 406 2224 etiam
422 2184 511 2223 comitem
521 2183 612 2233 Jaimum,
622 2184 671 2224 alius
681 2183 756 2224 daimus
764 2184 876 2226 Giraldinus

99 2237 209 2279 adolescens
218 2240 270 2280 filius
280 2238 354 2280 Giraldi
363 2238 443 2279 Comitis
458 2238 550 2287 custodia,
566 2252 603 2291 qua
616 2239 724 2288 tenebatur,
734 2239 755 2279 in
764 2241 837 2293 Anglia
845 2256 875 2281 so-

98 2292 158 2343 lutus,
169 2297 189 2333 ot
196 2294 308 2335 Desmoniae
324 2308 386 2335 comes
396 2293 407 2332 a
416 2292 491 2345 Regina
507 2294 632 2347 inauguratus
641 2295 663 2334 in
672 2293 769 2335 Iberniam
785 2295 876 2346 mitt'tur,

98 2347 133 2389 ubi
150 2349 161 2389 a
176 2348 241 2390 multis
251 2349 327 2390 Ibernis
342 2349 454 2403 accipitur}
482 2348 557 2388 Verum
574 2350 617 2403 quia
632 2363 695 2390 comes
710 2349 820 2391 Catlrolicus
835 2366 876 2391 rem

121 2482 129 2499 a
142 2481 213 2525 August
223 2480 251 2520 17,
261 2483 312 2514 1600.
337 2480 371 2514 See
379 2479 442 2523 eulogy
455 2478 475 2511 of
486 2478 517 2511 the
525 2478 574 2511 Four
582 2480 661 2513 Musteus
669 2490 692 2512 on
700 2479 730 2512 the
738 2479 792 2511 brave
802 2477 876 2524 Owney,

97 2537 115 2570 p.
125 2526 159 2563 217
161 2528 177 2560 9.
199 2526 229 2559 He
237 2526 272 2559 had
280 2526 340 2570 nearly
348 2524 423 2559 finished
430 2523 460 2556 the
468 2523 561 2567 campaign
568 2523 629 2557 before
637 2525 660 2557 he
672 2524 708 2557 fell.
733 2522 829 2568 Mountjoy
841 2525 877 2558 had

97 2582 108 2603 a
115 2571 168 2605 horse
177 2571 216 2605 shot
224 2572 281 2604 under
290 2571 332 2610 him,
341 2571 376 2604 and
384 2580 419 2603 was
427 2568 445 2601 in
452 2573 504 2612 great
512 2569 584 2612 danger.
603 2569 645 2608 Coc,
653 2580 670 2612 p.
678 2571 718 2602 428.
733 2568 771 2601 The
779 2568 876 2604 O'Moores

96 2616 138 2659 pald
147 2629 157 2650 a
164 2616 219 2660 heavy
224 2616 300 2660 penalty
308 2616 336 2649 for
344 2616 392 2649 their
400 2614 461 2648 valour
469 2613 504 2647 and
510 2613 616 2657 patriotism,
625 2614 729 2647 “nonlicet
737 2613 800 2656 cuique
806 2619 849 2648 nato
857 2616 876 2649 iu

96 2665 135 2694 tota
143 2661 175 2694 illa
182 2661 254 2706 regione
263 2661 339 2704 (Lisiae),
354 2673 392 2706 quae
405 2670 449 2704 pene
461 2658 551 2702 integrum
566 2659 669 2692 comitatum
678 2658 763 2697 continet,
771 2658 835 2693 sistere
843 2666 876 2695 aut

95 2704 177 2740 habitare
184 2706 202 2740 in
212 2706 271 2751 aliquo
279 2707 319 2740 loco
327 2706 376 2740 infra
382 2705 457 2750 triginta
464 2702 548 2737 milliaria
555 2714 566 2736 a
574 2703 637 2737 finibus
645 2714 681 2737 suae
688 2703 876 2750 patriast-Momm,

118 2794 130 2831 †
142 2798 229 2836 Autumn,
240 2796 364 2830 lotia-Foras
373 2796 455 2833 masters,
463 2805 480 2838 p.
488 2794 540 2826 2189.

117 2839 127 2881 ἶ
140 2841 202 2874 Takeu
210 2841 374 2885 treacherously‘by
381 2841 449 2878 Oarow,
457 2838 475 2872 in
483 2839 561 2882 August,
569 2839 692 2872 loon-Fam
701 2839 784 2881 Mastcrs,
793 2850 811 2883 p.
821 2843 873 2876 2263.

117 2883 126 2923 ἓ
138 2884 205 2919 Before
213 2887 235 2919 he
244 2891 291 2920 went
299 2891 318 2919 to
325 2886 356 2920 the
366 2886 469 2919 Protestant
477 2882 549 2923 ehurch‚
557 2882 600 2916 with
609 2883 667 2928 Myler
674 2883 762 2917 M‘Grath
771 2889 790 2917 at
799 2885 875 2920 Kilmal-

91 2926 131 2961 look
138 2942 144 2970 ς
153 2929 191 2969 but,
198 2931 250 2965 when
258 2937 341 2976 contrary
349 2936 368 2965 to
373 2931 403 2964 the
411 2934 481 2963 earnest
488 2939 560 2974 prayers
569 2928 589 2961 of
594 2928 621 2963 his
628 2929 689 2974 lieges,
697 2930 720 2963 he
725 2930 793 2974 proved
798 2930 870 2966 himself
