2237 3535
84 873 195 934 DOMINI
217 873 355 934 PHlllPPI
372 829 571 935 O’SULLEVlNl
586 864 704 925 1111111111
732 862 852 938 11111111,

317 986 389 1027 rom
403 985 443 1026 rrr.
458 982 544 1026 urrann
558 980 599 1021 nr.

268 1089 300 1119 DE
310 1088 384 1120 BELLO
395 1085 528 1126 QUINDECIM
540 1082 663 1115 ANNORUM.

82 1178 147 1219 Breuni
161 1180 241 1232 primam
257 1183 276 1219 et
292 1178 360 1219 rudem
374 1181 448 1218 aetatem
462 1178 493 1217 vel
508 1176 607 1230 pueritiam
622 1174 711 1215 vidimus.
741 1173 852 1234 Sequuntur

82 1234 143 1288 magis
153 1234 216 1283 ardua,
227 1237 285 1286 atque
295 1233 341 1273 adeo
351 1234 402 1273 scitu
411 1233 498 1286 digniora
509 1235 529 1271 et
538 1230 605 1271 auditu
612 1228 733 1283 jucundiora.
763 1227 814 1272 Quae
823 1241 853 1267 rn-

81 1292 111 1328 ter
127 1288 231 1329 O’Nellnm
248 1289 343 1341 Magnum
358 1288 404 1327 belli
421 1287 494 1335 ducem,
505 1284 635 1325 O'Dcnellum
645 1287 664 1323 et
674 1283 720 1323 alios
736 1281 818 1323 Ibernos
829 1296 852 1322 ex

81 1343 209 1396 alterhparte,
219 1348 272 1383 etex
286 1342 345 1382 alterat
362 1342 470 1382 Jchannem
486 1340 587 1380 Norrisem
604 1338 730 1378 clarissimum
743 1336 852 1389 Anglorum

81 1398 220 1451 imperatorem,
238 1396 355 1444 Russellum,
371 1396 487 1449 Buruglrum
506 1393 610 1447 superbum
628 1406 724 1446 proteges,
743 1391 853 1431 Kildarium

81 1453 176 1501 comitem,
186 1452 323 1505 Binglramum‚
334 1454 354 1490 et
364 1450 410 1490 alios
426 1450 482 1503 regiae
497 1448 587 1489 factionis
595 1450 747 1502 propugnatores
757 1446 826 1486 acriter
835 1448 854 1485 et

81 1510 169 1547 cruenter
178 1510 232 1559 gesta
241 1509 294 1555 sunt,
303 1505 352 1545 libro
362 1508 456 1559 praesente
465 1504 575 1544 referemus.

421 1648 478 1689 OAP.
490 1648 508 1688 Ι.

81 1749 180 1794 Utriusque
188 1750 244 1794 partis
253 1749 334 1791 bellandi,
342 1749 466 1794 pugnandique
474 1753 569 1793 apparatus
577 1753 595 1781 et
605 1748 682 1792 patroni.
696 1748 759 1782 [tomes
768 1747 852 1789 Tirones,

315 1795 396 1839 princeps
407 1794 491 1828 O'Nellus
500 1795 623 1838 inauguratur.

82 1889 123 1930 His
132 1889 274 1930 Oatholioorurn
283 1889 373 1938 motibus,
384 1904 406 1929 ea
414 1903 478 1929 rernm
486 1889 630 1943 perturbatione
640 1893 660 1929 et
668 1888 777 1942 praeliornm
785 1888 850 1930 aduer-

82 1945 138 1985 sitate
147 1942 268 1984 vehementer
277 1944 332 1984 anxia
341 1944 453 1984 Elizabetha
459 1944 537 1997 Anglice
543 1944 609 1997 regina
618 1948 660 1983 toto
669 1947 746 1996 pectore
755 1944 851 1984 incumbit

81 2000 102 2039 in
116 1999 212 2040 lbcrniam
225 1998 335 2052 pacandam,
346 1998 526 2052 Catholioorumquc
542 1999 591 2038 vires
606 1998 743 2050 infringendas.
773 1998 798 2039 In
809 1999 850 2039 Gu-

80 2054 140 2095 lielmi
149 2053 283 2107 Fitrguliclmi,
294 2054 327 2106 qui
336 2054 433 2094 Iberniam
441 2054 529 2106 proregic
540 2067 617 2093 munere
623 2053 720 2105 regebatlt
730 2053 850 2095 administra·
858 2034 916 2077 [138']

81 2109 134 2149 tione
144 2109 226 2150 abdicati
242 2108 312 2157 locum,
323 2108 440 2149 Gulielmnm
454 2108 565 2148 Russellum
575 2108 645 2148 sufficit
654 2122 704 2147 anno
715 2109 792 2148 1594.÷÷
820 2109 851 2150 Ex

82 2163 146 2204 Gallia
154 2164 224 2204 milites
239 2164 314 2216 Anglos
327 2168 432 2212 veteranos,
442 2164 476 2216 qui
485 2167 552 2204 contra
561 2162 647 2216 Philippi
656 2162 685 2202 Π.
697 2162 792 2204 Catholici
801 2166 851 2218 regis

82 2219 186 2259 exercitum
195 2219 314 2272 stipendium
323 2218 423 2267 faciebant,
433 2222 522 2259 revocat:
537 2218 559 2258 in
568 2217 646 2258 Ibernit
656 2221 675 2258 ct
684 2218 756 2272 Anglih
767 2219 851 2260 delectus

81 2273 122 2312 fieri
130 2272 190 2325 jubet.
220 2273 318 2314 Johannes
334 2273 403 2314 Norris
412 2273 488 2326 Anglus
503 2287 561 2326 eques
578 2277 655 2314 auratus
672 2287 716 2313 eum
725 2274 796 2327 Anglis
807 2275 852 2315 Gal-

81 2327 174 2367 liensibus
189 2329 284 2368 veteranis
293 2329 345 2369 mille
355 2332 374 2369 et
389 2328 518 2381 octingentist
534 2329 556 2368 in
571 2328 669 2368 Iberniam
684 2342 741 2381 quarn
755 2329 852 2370 celerrime

82 2381 166 2436 appellit.
196 2382 250 2426 Quos
266 2382 295 2424 ibi
310 2384 373 2437 regios
389 2383 457 2423 milites
474 2383 556 2423 lbcrnos
566 2388 585 2423 et
594 2384 669 2437 Anglos
684 2387 784 2425 veteranos
795 2388 814 2424 et
823 2389 852 2437 ty-

81 2451 137 2477 rones
152 2438 231 2487 invenit,
249 2438 287 2478 sibi
302 2438 407 2493 conjungit.
441 2437 503 2477 Nata
518 2438 631 2491 interpositt
648 2438 701 2478 mort
715 2439 736 2478 in
751 2437 851 2478 Ultoniam

82 2492 186 2533 exercitum
202 2496 287 2544 movet,‡
304 2493 422 2534 Mnnichano
437 2492 521 2542 castello,
537 2493 589 2545 quod
606 2493 629 2533 ab
647 2492 743 2546 equitibus
752 2493 799 2533 Mac
809 2493 851 2533 Ma-

105 2599 113 2615 *
125 2599 172 2632 Auo.
183 2600 210 2638 11,
220 2600 270 2631 1594.

105 2625 181 2683 121110
193 2649 275 2678 veterans
288 2644 323 2677 and
332 2646 381 2686 1‚000
392 2643 472 2676 reeruits.
499 2643 539 2682 Gon,
548 2653 565 2686 p.
579 2645 618 2677 406.
643 2642 665 2676 In
673 2642 717 2675 Feb.
728 2645 778 2677 1595,
804 2646 853 2680 Fccr

82 2689 163 2722 Mortem.

105 2735 116 2777 t
128 2734 166 2767 Not
174 2733 297 2778 immediately.
322 2734 378 2779 Hugh
386 2733 448 2767 O'Neil
456 2743 504 2766 came
510 2736 529 2765 to
535 2732 608 2771 Dubiin,
614 2732 663 2776 Aug.
673 2734 700 2774 15,
707 2732 749 2766 four
758 2734 800 2779 days
807 2736 853 2771 after·

82 2778 112 2811 the
121 2779 192 2823 Deputy
200 2779 273 2812 Russell
280 2790 315 2817 was
323 2790 381 2813 sworn
390 2778 414 2818 in,
422 2778 455 2811 and
462 2789 506 2822 gave
512 2777 555 2809 such
563 2789 585 2810 an
593 2777 705 2820 explanation
713 2778 734 2811 of
740 2778 767 2812 his
776 2782 854 2815 conduct

83 2834 101 2856 as
109 2825 186 2857 satisfied
193 2824 224 2857 the
233 2824 313 2857 Gouncil.
338 2824 368 2858 On
375 2824 405 2857 the
416 2823 455 2857 19th
463 2823 483 2855 of
489 2823 567 2866 August,
576 2822 647 2855 Russell
654 2822 740 2856 marohed
747 2824 795 2859 from
803 2826 853 2860 Dua.

82 2867 107 2900 lin
119 2869 196 2914 through
205 2869 273 2910 Meath,
281 2869 315 2902 and
322 2870 381 2902 round
389 2869 411 2913 by
420 2868 468 2912 stigo
476 2872 495 2900 to
510 2867 626 2906 Enniskillen,
634 2867 691 2901 which
699 2867 721 2901 he
729 2870 813 2912 relieved,
822 2879 854 2908 not

82 2912 157 2947 without
171 2915 256 2959 suffering
270 2914 390 2947 considerable
403 2913 438 2947 loss
452 2924 473 2946 on
485 2912 513 2946 his
525 2912 592 2946 march.
617 2912 647 2946 He
659 2915 744 2948 returned
751 2919 771 2949 to
780 2916 854 2960 nabun,

84 2956 133 3001 Sept.
143 2959 179 2998 eth,
189 2961 239 2993 1594.
264 2960 306 2999 Coc,
314 2971 331 3004 p.
340 2961 380 2992 404.
