2237 3535
106 416 150 445 orn.
160 400 189 454 v.]
321 417 348 443 nn
363 417 426 445 annno
441 417 558 448 ournnncrrr
574 415 681 444 annonnn.
837 407 875 445 221

106 512 190 565 segniter
204 525 245 552 renr
261 513 315 566 gerit.
345 515 429 555 Audacis
446 515 505 556 animi
519 514 555 564 vir,
573 516 592 553 et
606 513 698 553 itinerum
714 512 789 566 egregie
804 513 879 565 peritus

105 567 187 608 lbernos
196 581 236 607 suae
245 568 339 619 factionis,
350 575 369 610 et
377 570 452 623 Anglos
462 575 517 618 terra,
528 574 548 608 et
557 582 607 620 aqua
616 567 693 608 Leffiria
703 567 774 608 ducens
794 568 849 616 clam,
860 572 879 607 ot

106 622 211 675 improviso
221 622 241 662 in
250 626 386 665 monasterium
395 624 565 666 Franciscanorum
572 623 671 664 Mincium
682 623 759 663 nomine
765 621 878 663 Munimen-

105 683 147 718 tnm
157 681 277 719 externorum
290 678 351 732 (Duin
360 695 385 721 na
395 681 455 733 gaull)
466 679 559 734 pervenit,
570 678 619 718 etin
629 692 651 718 eo
665 677 757 727 consedit,
767 677 878 731 praesidium

106 745 181 786 quoque
190 732 262 783 locans,
272 739 291 774 et
300 736 388 776 muniens
395 737 417 775 in
426 736 491 776 diruto
501 734 585 783 castello,
596 733 648 786 qnod
657 733 733 786 sagitta
746 733 808 773 missu
817 732 878 782 abest,

106 787 161 829 etin
177 788 214 828 alio
231 790 344 830 monasterio
361 790 531 831 Franciscanornm
548 789 621 830 ordinis
637 788 697 838 tertii,
715 787 766 841 quod
782 787 878 828 Planicies

105 842 166 883 Parva
175 849 303 897 nuncupatur,
315 845 415 886 dimidium
424 846 534 887 milliarium
546 845 635 893 distante,
645 843 766 897 fugientibus
776 842 877 896 religiosis,

105 898 117 937 a
126 897 196 950 quihus
205 898 227 938 in
235 899 289 940 illum
303 914 365 953 usque
380 901 430 941 diem
445 904 517 950 sancta,
526 904 546 941 et
555 899 648 940 inviolata
657 898 744 940 coenobia
753 897 876 938 tenebantur.

105 952 149 996 Quo
159 954 247 994 effectum
257 958 291 1005 est,
300 959 323 994 ut
333 955 452 996 O'Donellus
462 956 540 997 mobilia
547 955 604 1004 bona,
611 958 630 994 et
636 954 774 1009 impedimenta
783 953 805 993 in
815 953 876 1006 stiga.

104 1007 159 1048 cham
168 1009 295 1062 principatum
304 1011 379 1051 mittere
389 1011 414 1050 sit
429 1016 512 1061 coactus,
521 1011 562 1065 ipse
573 1024 617 1050 cum
631 1010 716 1051 exercitu
730 1008 876 1049 Munimentum

104 1066 226 1104 externorum
235 1065 369 1105 circumcidens
381 1070 419 1106 tres
435 1066 475 1106 fere
489 1080 562 1107 menses
572 1079 607 1119 pro
617 1065 739 1114 monasterio,
749 1067 768 1104 et
778 1078 821 1104 arce
831 1077 875 1104 cum

103 1119 177 1171 Aspero
188 1119 270 1169 dimicat,
276 1134 328 1160 nunc
335 1120 425 1161 rineasin
434 1135 499 1161 muros
509 1135 574 1174 agens,
581 1134 633 1160 nuno
642 1119 759 1171 musculonn
771 1123 791 1159 et
797 1119 874 1173 pluteos
882 1117 943 1162 [173.]

104 1172 142 1212 illis
159 1174 269 1214 admovens.
297 1176 327 1215 Ac
342 1176 390 1229 regii
407 1175 485 1228 quidem
501 1176 566 1216 violati
582 1174 692 1215 monasterii
707 1189 771 1227 paenas
781 1174 873 1214 luerunt:

103 1242 184 1281 namque
194 1233 254 1270 noctu
270 1230 356 1283 sulphur,
366 1229 397 1270 vel
411 1244 468 1283 opera
484 1230 563 1283 alicujus
579 1229 602 1269 ab
620 1230 728 1270 O'Donello
744 1229 831 1278 adhibiti,
842 1229 873 1269 vel

103 1297 153 1332 casu,
163 1284 194 1324 vel
204 1283 295 1324 divinitus
305 1299 406 1325 accensum
419 1285 554 1325 monasterium
569 1283 632 1324 subito
642 1283 743 1332 comburit,
753 1285 824 1337 partim
838 1298 872 1337 per

103 1351 164 1378 aerem
174 1339 265 1379 tollerat
278 1339 433 1392 Propugnatores
443 1341 512 1392 partim
523 1340 567 1392 igne
578 1342 724 1387 consumuntur,
734 1339 803 1391 partim
813 1343 871 1387 tecto,

103 1397 123 1432 et
131 1394 202 1445 pariete
219 1393 294 1434 labante
310 1394 425 1434 obruuntur.
455 1394 512 1435 Hanc
521 1394 640 1434 occasionem
651 1393 770 1433 O'Donellus
780 1398 871 1446 opportu-

102 1461 146 1487 nam
156 1452 210 1489 ratus
226 1449 247 1488 in
261 1449 398 1489 monasterium
414 1449 539 1502 irruptionem
554 1448 606 1489 lacit.
623 1450 686 1502 Asper
701 1462 745 1488 suos
761 1448 872 1487 cohortatus

103 1502 149 1543 alios
159 1508 211 1543 arm'a
221 1517 287 1556 capere
302 1504 361 1556 cogit,
377 1503 423 1543 alios
433 1518 473 1543 non
490 1504 553 1556 potuit
568 1503 679 1543 confirmare
689 1516 757 1556 pavore
767 1502 871 1555 perculsos,

102 1560 121 1597 et
130 1557 220 1610 phasellis
230 1557 332 1598 Leffiiriam
348 1559 450 1611 fugientes.
479 1558 532 1599 Dum
549 1558 644 1598 Catholici
659 1558 722 1598 noctis
733 1558 872 1598 obscurissimae

102 1611 286 1662 tenebris,incendio
296 1613 384 1653 nondum
393 1614 484 1666 extincto,
492 1613 543 1666 quod
553 1613 590 1653 sibi
599 1614 709 1653 nociturum
719 1611 820 1666 putabant,
825 1613 842 1652 si
851 1613 873 1652 in

100 1669 216 1708 monasterio
226 1671 294 1717 essent,
305 1668 371 1721 paucis
381 1666 488 1722 ab'Aspero
498 1668 614 1717 constitutis,
624 1673 643 1707 et
653 1668 768 1709 confirmatis
778 1667 872 1709 obstanti-

102 1722 144 1770 bus
160 1723 276 1763 monasterio
292 1724 351 1777 potiri
366 1722 472 1773 tardantur,
488 1724 565 1763 interim
583 1724 646 1776 Asper
664 1737 704 1763 non
720 1723 801 1772 nescius,
818 1722 871 1763 hand

102 1776 138 1817 sibi
148 1778 219 1818 milites
228 1792 331 1831 superesse,
342 1779 375 1831 qui
391 1777 421 1818 die
437 1782 516 1832 possent
530 1778 593 1819 adnati
609 1778 719 1819 monasterii
733 1777 813 1830 parietes
827 1792 869 1817 sus-

100 1832 167 1882 tinere,
185 1832 248 1873 animo
266 1847 299 1873 suo
316 1833 465 1886 praesentissimo
481 1848 521 1873 non
536 1833 645 1883 destitutus,
661 1847 695 1887 por
709 1832 802 1873 occultam
817 1833 870 1873 viam

101 1887 152 1927 solus
163 1902 250 1941 egressus
266 1902 289 1928 err
304 1887 390 1928 Planicie
406 1888 469 1928 Parua
484 1888 598 1929 monasterio
611 1888 690 1928 dimidia
699 1888 776 1928 cohorte
786 1888 869 1928 deducta

100 1944 238 1983 monasterium
246 1943 334 1983 incendio
344 1947 486 1996 consumptum,
501 1948 519 1983 et
528 1942 638 1997 praesidium
654 1941 704 1996 pene
713 1943 786 1982 nudum
795 1947 868 1982 tuetur.

100 1996 130 2037 Ea
139 2003 196 2039 nocte
211 1998 259 2051 regii
273 1998 347 2038 circiter
361 1996 413 2037 mille
429 1998 485 2048 ferro,
502 1998 583 2047 flamma,
593 2010 648 2051 aqua,
659 2001 679 2038 et
694 1998 804 2037 monasterii
813 1998 870 2037 ruina

101 2053 210 2105 perierunt:
225 2054 275 2093 inter
285 2067 332 2106 quos
341 2052 431 2092 inventus
441 2057 470 2093 est
479 2053 575 2106 lapidibus
584 2051 664 2092 obrutus
675 2051 760 2095 Quintus
770 2052 869 2092 O’Donel-

99 2106 130 2146 lus
139 2108 208 2161 Asperi
217 2108 281 2148 frater.
295 2108 326 2148 Er
335 2107 437 2148 Catholicis
448 2109 531 2161 quinque
541 2109 572 2148 vel
579 2121 612 2147 sex
621 2110 697 2148 tantum
707 2112 752 2147 sunt
759 2107 869 2148 desiderati.

101 2161 221 2204 O'Donellus
230 2163 311 2216 pristino
321 2177 373 2203 more
383 2162 435 2202 ducit
445 2163 569 2203 obsidionem.

128 2215 159 2255 Ex
169 2218 228 2258 altera
237 2222 290 2271 parte
300 2233 363 2258 comes
379 2216 525 2258 Olanrichardus
541 2217 613 2271 reginae
621 2217 676 2271 jussu
687 2217 757 2258 taciens
771 2217 793 2256 in
802 2216 869 2257 O’Do-

101 2269 174 2311 nellurn
190 2273 332 2326 expeditionem
347 2274 369 2313 in
378 2272 496 2325 Olplrinnam
506 2273 597 2327 oppidum
607 2272 713 2326 episcopale
727 2271 788 2325 regias
805 2273 870 2325 copias

101 2325 162 2366 duxit.
190 2327 221 2367 Eo
232 2342 307 2381 qnoque
317 2327 435 2369 O'Donellus
445 2327 520 2369 obviam
530 2329 547 2369 ei
554 2328 612 2369 venit.
627 2328 674 2368 Dies
684 2328 756 2380 aliquot
765 2327 870 2380 equitatus,

101 2384 121 2420 ct
129 2379 294 2424 bombardariatns
304 2385 395 2436 utrinque
404 2383 501 2435 velitatur,
510 2387 528 2424 ct
537 2384 609 2424 infecta
618 2397 638 2423 re
647 2396 711 2424 comes
721 2383 841 2427 revertiturt
868 2386 874 2431 J

124 2498 132 2513 ¹³
144 2497 183 2531 The
192 2503 292 2544 monastery
300 2501 321 2533 of
326 2499 447 2545 Donegalrvas
453 2500 521 2533 hurned
530 2499 579 2544 Sept.
589 2501 617 2539 29,
627 2499 736 2533 icon-See
744 2504 778 2532 two
785 2504 870 2533 accounts

101 2541 122 2574 of
129 2542 159 2575 the
167 2547 224 2584 event,
235 2544 284 2578 Four
293 2546 396 2589 Mastersp
416 2547 466 2579 2251.
491 2544 528 2577 For
537 2544 612 2578 another
620 2546 695 2583 verdon,
708 2544 730 2587 by
741 2544 822 2589 Mooney,
830 2546 871 2579 who

101 2598 137 2620 was
144 2589 231 2622 sacristan
238 2589 256 2622 in
264 2591 294 2624 the
302 2596 378 2625 convent
386 2591 446 2624 before
454 2591 477 2624 its
489 2589 604 2628 destruction,
612 2601 640 2623 see
648 2589 747 2634 Appendir.

124 2630 136 2667 l
147 2633 197 2668 Four
204 2634 286 2678 Masters,
294 2648 311 2681 p.
321 2639 373 2670 2251.
