2237 3535
220 414 247 452 28
360 410 495 452 o’suaunvaur
509 416 611 448 nrsromm
626 417 751 456 carucarum,
766 422 814 451 rou,
829 423 843 450 1.
907 407 955 461 [nra
966 419 991 448 11.

220 520 273 570 veni,
283 521 324 562 vidi
332 524 395 562 totam
410 522 489 562 domum
504 518 585 572 liquido,
601 516 721 569 ferventique
737 520 821 569 metallo,
839 534 892 569 auro,
908 521 995 572 argento,

222 576 281 625 ferro,
291 577 378 631 plumbo,
389 576 454 617 etalio
464 575 516 615 vario
525 573 630 627 impletam,
640 571 690 611 foliis
700 574 789 615 rotundis
803 579 862 629 atque
876 573 996 629 spississimis

223 632 293 681 mistis,
303 636 323 672 et
331 633 369 673 hoc
378 631 448 672 balneo
460 631 494 684 (ita
502 629 567 670 Furiis
581 626 689 680 dicebatur)
705 627 817 670 innumeros
829 630 892 672 nudos
909 629 961 670 ablui
976 633 996 668 et

225 688 304 728 adverso
314 692 372 728 vento
383 686 484 727 durissimo
493 684 561 738 trajici.

253 742 363 782 Pmnaraurr
372 738 558 791 ananau-Hujus
574 738 673 778 atrocitate
680 750 741 790 paenae
747 740 867 793 stupefactus
878 738 997 780 validissimo

225 797 279 837 venti
289 797 336 837 flatu
351 796 415 849 rapior
430 795 469 835 unat
485 807 528 834 cum
544 792 650 832 Daemoniis
669 796 689 831 et
705 793 779 833 cacteris
798 798 851 835 trans
868 797 953 835 montem
972 792 997 833 ad

225 852 299 892 flmnen
316 850 434 905 profundum
456 848 550 895 fetidum,
570 846 755 900 gelidissimumque,
776 861 814 901 quo
832 850 930 890 innumeri
948 862 997 903 pene

226 919 271 947 cum
284 907 346 947 halitu
362 904 479 959 gravissimo,
497 907 517 942 et
533 901 611 955 frigore,
628 906 670 942 tum
685 902 804 943 daemonibus
822 919 861 953 eos,
878 905 912 958 qui
930 906 997 958 fugere

226 961 350 1009 conabantur,
365 963 420 999 vasto
436 958 513 1011 gurgite
527 956 666 1010 mergentibus,
684 958 848 1000 excruciabantur.
888 959 947 1004 Quod
962 973 997 1012 ego

225 1016 331 1069 periculum
341 1014 434 1054 declinavi
444 1013 492 1053 Jesu
500 1026 571 1052 nomen
581 1012 701 1064 proferendo.

254 1070 357 1111 Donoaurr
367 1067 532 1109 rursus-Dein
539 1067 611 1106 aluriis
618 1068 740 1121 nequissimis
750 1069 775 1109 ad
781 1069 874 1109 orientem
882 1083 948 1109 versus
955 1082 998 1121 rap-

226 1129 258 1165 tus
268 1124 332 1177 asperi
339 1123 407 1177 procul
416 1124 515 1176 ingentem
525 1122 625 1175 sulphurei
634 1123 685 1175 ignis
692 1124 787 1165 flammam
797 1124 856 1177 longe
866 1124 923 1163 altius
933 1137 998 1163 ascen-

227 1180 310 1229 dentem,
327 1191 385 1232 quam
401 1192 436 1232 ego
455 1178 529 1218 intuitu
545 1178 637 1231 consequi
651 1177 744 1228 valebam,
760 1179 846 1219 infinitos
867 1179 924 1226 viros,
941 1183 999 1230 atque

225 1234 312 1274 faeminas
322 1235 391 1274 misere
401 1237 478 1274 exustos
488 1247 553 1273 secum
563 1232 683 1274 efferentem:
698 1247 780 1287 cumque
790 1234 819 1274 vis
832 1234 914 1274 flammae
924 1235 998 1272 minue-

226 1289 290 1338 batur,
301 1289 374 1329 animas
383 1303 450 1329 rursus
460 1288 526 1329 cadere
539 1288 562 1328 in
569 1288 641 1341 ignem.
671 1289 754 1333 Quando
764 1289 850 1342 proxime
865 1288 943 1341 perveni
959 1287 1000 1327 vidi

227 1345 324 1385 flammam
333 1344 387 1384 illam
402 1358 424 1384 er
441 1358 511 1396 magno
527 1347 592 1397 puteo,
604 1344 637 1396 qui
654 1344 703 1384 mihi
721 1358 777 1384 orcus
795 1344 902 1392 videbatur,
920 1342 998 1382 effundi.

227 1400 283 1439 Tunc
292 1399 356 1439 Furiae
366 1413 445 1439 erorsae.
474 1398 534 1438 “Hic
551 1398 655 1451 inquiunt''
671 1405 741 1452 puteus
759 1414 779 1439 os
800 1404 829 1438 est
843 1398 923 1446 Averni,
939 1397 1000 1438 domi-

224 1455 269 1495 cilii
278 1455 345 1503 nostri,
356 1467 396 1507 quo
406 1468 438 1494 eos
447 1453 531 1507 hospitio
548 1454 656 1506 recipimus,
673 1455 707 1507 qui
716 1455 737 1494 in
751 1454 823 1494 mundo
833 1457 899 1494 nostra
908 1453 1001 1505 imperata

228 1509 315 1549 fecerint.
344 1509 421 1549 Idcirco
431 1523 474 1548 curn
485 1513 507 1548 111
516 1507 573 1548 nobis
583 1508 684 1561 diligenter
699 1510 791 1558 servieris,
807 1509 903 1562 reliquum
920 1514 966 1556 erat,
979 1512 1002 1546 ut

229 1565 251 1604 in
260 1564 297 1604 hoe
306 1563 431 1617 protundum,
441 1563 573 1612 detrudereris,
581 1563 676 1615 jacturam
693 1565 767 1613 animae,
778 1565 899 1617 corporisque
909 1563 1000 1603 facturus.

228 1619 326 1659 ‘Caeterum
336 1624 375 1658 11111
387 1619 419 1659 fidi
428 1619 511 1658 ministri
521 1622 592 1658 sortem
602 1619 633 1671 pie
643 1619 727 1659 miserati
736 1619 772 1659 tibi
782 1623 896 1672 potestatem
909 1617 1001 1658 redeundi

230 1674 291 1714 facere
302 1673 426 1714 decrevimus.
456 1673 519 1717 Quam
532 1674 659 1725 aequissimam
670 1674 799 1714 conditionem
809 1675 825 1714 si
834 1674 915 1726 respuis,
925 1674 956 1713 lric
966 1672 1002 1711 tibi

176 1736 223 1777 [at]
231 1728 331 1768 nobiscum
342 1743 405 1769 carcer
415 1728 451 1768 erit
461 1728 586 1780 communisll
618 1728 650 1768 Ad
659 1729 700 1768 haec
709 1744 744 1782 ego
755 1729 832 1769 tacitus
841 1728 917 1768 nullum
927 1727 1002 1780 praebui

230 1786 350 1836 responsum.
381 1782 512 1827 Quamobrem
521 1782 639 1823 Eumenides
648 1784 669 1823 in
678 1788 759 1836 puteum
774 1798 804 1824 me
818 1784 936 1837 praecipitem
946 1783 1001 1823 dede-

230 1842 283 1879 runt
311 1839 340 1878 Ac
351 1852 387 1892 ego
398 1838 481 1891 quidem,
493 1851 532 1891 quo
542 1838 604 1890 magis
613 1838 721 1887 hauriebar,
736 1853 758 1879 eo
769 1839 900 1879 vehementius
910 1844 1002 1891 perterre-

230 1893 270 1942 bar,
280 1897 381 1946 propterca
391 1893 443 1946 quod
453 1894 529 1942 vastior,
540 1893 660 1946 profundior,
671 1895 752 1947 visuque
762 1894 865 1935 terribilior
874 1897 944 1947 puteus
954 1908 1002 1933 senr-

230 1963 265 2002 per
279 1949 396 1989 occurrebat.
425 1947 506 2001 Iamque
515 1952 569 1987 metu
579 1951 599 1987 et
615 1962 685 2001 pavore
701 1948 805 2001 perculsus,
821 1950 885 1989 animo
895 1948 1002 2001 linquebur,

230 2003 290 2044 (livini
306 2004 390 2044 nominis
406 2002 477 2043 oblitus
494 2003 517 2043 de
533 2017 565 2043 me
581 2006 646 2042 actum
660 2004 759 2057 putabam.
788 2005 879 2057 Denique
890 2010 957 2043 ‘tamen
967 2018 1003 2056 ope

229 2059 314 2099 numinis
333 2058 411 2112 adjutus
421 2061 565 2098 consternatum
579 2058 666 2098 animum
678 2060 773 2109 revocavi,
790 2059 897 2111 Jesumque
913 2059 1003 2099 clamavi:

230 2118 250 2154 et
258 2113 310 2154 illico
319 2114 402 2163 flamma,
412 2113 572 2167 rapidissimcque
581 2117 640 2154 vento
650 2128 673 2153 ex
682 2115 722 2154 imo
731 2115 828 2168 profundo
838 2114 960 2155 venientibus
970 2113 1004 2153 ob-

231 2170 281 2209 viam
289 2170 311 2208 irr
320 2168 402 2209 sublime
411 2169 500 2222 repulsus
515 2169 599 2209 euterius
616 2168 641 2208 ad
655 2173 737 2222 puteum
753 2170 813 2211 cecidi
822 2170 881 2218 solus,
892 2168 926 2208 diu
935 2169 1005 2209 mentis

229 2225 335 2277 incompos,
346 2229 365 2264 et
377 2224 455 2263 ubinam
464 2238 531 2273 essem,
540 2224 626 2277 ignarus.

258 2278 314 2319 Porus
325 2279 536 2319 ornaremus-Alfi
549 2283 615 2318 tamen
629 2277 699 2319 diaboli
710 2293 733 2318 ex
742 2281 801 2331 puteo
811 2280 883 2330 egressi
896 2278 1005 2319 11111011-

230 2333 343 2387 loquuntur.
373 2333 427 2377 de
444 2335 484 2387 agis
499 2334 531 2374 bic
546 2334 574 2373 vir
589 2333 665 2385 probe?
695 2333 746 2374 Socii
760 2334 821 2374 nestri
835 2335 887 2374 bunc
897 2349 937 2375 esse
946 2334 1006 2375 Erebi

230 2392 317 2442 puteum,
328 2388 365 2429 tibi
375 2388 514 2441 significarunt,
525 2388 546 2428 in
555 2387 611 2428 illum
626 2392 646 2427 te
661 2389 810 2442 praecipitantes.
841 2389 899 2433 Quod
914 2389 937 2430 de
953 2404 1006 2429 more

230 2444 317 2493 iacimus,
326 2458 384 2485 causa
391 2443 502 2484 hominibus
510 2442 628 2496 imponendi,
644 2442 741 2483 Goeterum
748 2458 784 2483 nos
793 2458 858 2485 revera
864 2445 884 2484 in
894 2445 1006 2485 Tartareum

231 2503 312 2551 puteum
321 2503 341 2539 te
352 2499 482 2552 conjiciemus.
511 2498 598 2552 Moxque
608 2512 639 2538 me
648 2498 739 2552 pavidum
749 2499 816 2551 procul
825 2500 890 2540 ferunt
899 2500 923 2539 ad
935 2500 1007 2539 flumen

231 2553 372 2606 longissimum,
390 2554 568 2607 profundissimum,
588 2553 738 2594 lrorrendissimo
754 2554 820 2593 faetore
838 2555 937 2604 infestum,
956 2554 1008 2607 ignis

234 2608 331 2660 sulphurei
340 2610 423 2651 flammis
433 2623 531 2662 spumans.
552 2608 699 2649 Doemorriorum
705 2608 768 2648 turbis
776 2609 919 2649 confertissimis
927 2613 1007 2650 scatens.

234 2662 293 2715 Cujus
302 2664 348 2717 ripae
358 2664 466 2705 arctissimo
483 2668 541 2717 ponte
555 2663 695 2717 jungebantur*
729 2663 781 2703 Tum
796 2678 863 2703 rursus
881 2665 908 2704 sic
927 2665 1008 2704 effantur

234 2720 248 2738 “
255 2722 329 2770 oportet
337 2723 357 2759 te
366 2720 398 2759 vel
407 2720 459 2760 hamc
469 2724 547 2772 pontem
558 2718 645 2771 trajicere
654 2719 684 2758 vel
694 2718 774 2758 reverti:
789 2733 825 2758 nos
835 2718 913 2772 quidem
927 2719 964 2759 lroc
972 2719 1009 2759 tibi

234 2772 391 2823 consuluerimus,
402 2789 442 2815 11011
451 2775 512 2815 illud:
529 2775 621 2828 quoniam
631 2787 716 2826 precseus
730 2787 786 2827 peena
800 2774 850 2814 sicut
860 2777 889 2813 cst
898 2773 972 2822 ultima,
982 2775 1010 2815 ita

234 2827 271 2867 erit
283 2827 403 2869 inevitabilis.
433 2829 524 2883 Namque
538 2830 573 2869 ubi
582 2829 686 2869 tentaveris
696 2833 776 2881 pontem
791 2829 897 2878 traducere,
908 2834 1010 2870 ventorum

232 2882 308 2935 impetu
317 2897 327 2922 e
336 2884 399 2924 medio
409 2889 468 2937 ponte
482 2886 503 2925 in
518 2885 591 2925 fiumen
607 2883 666 2924 fueris
683 2883 802 2924 detrrrbatus.
832 2883 970 2934 Quamobrem,
984 2900 1010 2925 ne

232 2951 282 2977 onus
290 2936 361 2978 viribus
370 2939 438 2992 impar,
448 2941 518 2980 temere
529 2939 628 2992 suscipias,
639 2939 745 2991 periculum
755 2940 809 2992 prius
817 2940 881 2979 animo
891 2940 1009 2993 perpende?

230 2994 261 3033 Ac
271 2992 320 3032 milri
330 2993 408 3046 quidem
418 3007 459 3032 rem
469 2998 542 3035 attenta
552 2995 622 3035 mentis
632 2994 672 3034 acie
681 2994 767 3035 intuenti
783 2999 821 3035 tres
838 2994 961 3036 difficultates
974 3011 1007 3036 ne-

230 3049 309 3101 gocium
318 3048 411 3089 facessere
419 3048 544 3099 videbantur3
556 3050 623 3103 prima,
630 3064 678 3104 pons
688 3050 729 3103 ipse
735 3049 819 3091 lubricus
826 3065 849 3091 er
855 3050 901 3104 gelu
908 3052 1007 3092 confectus
