2237 3535
109 354 153 382 oar.
163 339 208 391 1111]
268 351 296 379 nr
306 351 402 383 0111111011
411 351 483 381 annus
493 351 653 379 rrasrcurrorus
662 351 752 379 runorrs.
839 342 875 380 291

108 447 203 490 erroribus
211 448 297 489 imbutus
314 463 362 490 verae
376 450 474 504 religionis
490 453 556 489 nectar
571 463 609 489 non
619 447 718 488 libaverat.
747 448 879 490 Nihilominus

107 503 226 545 Dnbhlinnae
241 518 340 558 proregem
356 505 421 546 adiens
437 505 465 545 ita
474 504 585 558 alloquitur.
615 506 629 524 “
635 502 687 542 Reor
707 503 794 556 equidem
810 518 878 556 prorer

107 558 269 609 excellentissime,
280 560 351 613 optimo
361 561 430 614 cuique
444 559 466 600 id
482 574 523 600 esse
538 562 633 607 enatura,
643 557 675 598 vel
692 557 755 598 aDeo
764 562 844 608 naturae,
859 564 878 599 et

106 627 171 653 rerum
181 614 266 655 omnium
276 615 348 669 opifice,
359 619 378 656 et
393 616 473 656 authore
489 614 575 663 insitum,
586 618 608 653 nt
618 612 732 653 afflictorum
742 614 812 666 magnit
822 613 877 654 mise-

106 669 179 708 ratione
198 674 302 719 moveatur,
320 671 426 724 praesertim
444 670 489 710 011111
511 669 598 709 insontes
620 668 747 708 immoderatfi
765 668 877 708 nocentium

105 723 180 763 feritate
190 724 307 777 quatiuntur.
337 725 385 769 Quis
402 726 453 766 enim
470 728 498 764 est
514 724 592 777 ingenio
606 727 647 763 tarn
655 724 722 773 ferino,
734 727 753 763 et
763 723 877 764 abhorrente

105 777 129 818 ab
138 778 263 829 humanitate,
272 783 295 819 ut
311 794 350 820 non
366 780 429 821 doleat
445 780 539 819 innocuos
549 794 560 819 a
569 779 637 832 pravis,
653 783 711 832 atque
719 779 833 832 perniciosis
847 779 876 818 111-

105 836 163 886 gente
172 834 240 884 furore,
251 838 270 875 et
286 834 371 885 libidine,
381 838 496 889 praepostera
512 834 555 887 lege
565 833 652 888 opprimi,
663 838 683 874 et
689 834 771 887 puniri?
800 835 830 874 Ao
844 848 875 873 me

105 887 183 940 quidem
192 903 236 930 eum
249 890 290 930 11100
299 890 401 939 miseratio,
410 894 453 929 tum
463 889 578 930 conscientia
593 903 636 929 mea
650 888 722 942 subigit
734 903 830 943 exponere
839 888 875 928 tibi

104 943 158 994 regni
168 944 224 997 hujus
234 944 314 993 labores,
324 948 382 998 atque
391 944 512 993 calamitates,
523 945 555 984 cni
571 944 656 992 exitium,
667 948 686 983 et
701 944 791 984 interitus
805 943 829 984 ab
844 943 874 984 his

104 997 197 1038 militibus
207 999 240 1052 qui
250 999 338 1039 destinati
355 1003 400 1039 sunt
416 999 441 1039 ad
456 999 603 1051 prosequendos,
614 1003 634 1038 et
650 999 751 1051 capiendos
766 999 873 1039 sacerdotes

103 1051 197 1106 Papistas,
206 1054 299 1094 imminet.
328 1053 418 1106 Namque
427 1053 472 1093 novi
488 1053 548 1106 probe
563 1058 616 1093 tuam
632 1054 729 1106 pietatem,
740 1068 872 1107 summamque

103 1108 212 1160 aequitatem
226 1109 248 1148 in
261 1109 319 1161 hujus
328 1108 395 1148 insulae
404 1107 511 1161 respublica
520 1108 675 1156 administranda,
686 1122 722 1160 qna
732 1109 872 1161 flagitiosorum

102 1161 202 1202 hominum
216 1162 324 1204 invasiones
340 1163 461 1211 cohibendas,
477 1162 590 1202 calamitosis
607 1161 771 1215 subveniendnmss
785 1168 805 1203 et
819 1164 937 1214 omninno]

102 1216 219 1270 Reipublicae
229 1217 389 1258 consulenduma
403 1221 423 1257 te
439 1230 480 1256 esse
496 1231 559 1269 spero.
582 1217 651 1269 Itaque
667 1217 737 1258 milites
751 1218 791 1267 isti,
801 1218 871 1271 aliique

102 1272 150 1324 regii
164 1272 247 1312 ministri
262 1286 305 1312 cum
320 1272 395 1325 magnis
410 1273 475 1312 furum
490 1275 547 1324 atque
564 1285 671 1324 ganconum
687 1273 773 1322 catervis,
789 1286 836 1326 quas
850 1274 871 1313 in

102 1340 156 1366 suam
165 1327 318 1375 familiaritatem,
328 1331 385 1379 atque
402 1326 511 1367 societatem
527 1326 627 1375 asciscunt,
637 1340 659 1365 eo
677 1327 739 1367 colore
749 1327 800 1380 qubd
811 1343 872 1368 sacer-

102 1380 156 1420 dotes
165 1382 283 1422 inseotantur
289 1398 295 1430 3
311 1395 372 1433 agros,
383 1381 446 1429 urbes,
457 1380 534 1433 oppida,
552 1381 623 1428 domos,
634 1381 737 1430 conclavia,
750 1388 871 1435 percurrunt,

101 1435 201 1485 invadunt,
212 1435 344 1489 depredantur,
362 1436 468 1488 diripiunt:
482 1435 593 1475 innocentes
608 1434 660 1474 falsis
671 1435 804 1485 delationibus,
815 1443 872 1490 atque

102 1489 221 1530 documentis
231 1496 292 1543 agunt
301 1490 393 1542 relegant,
403 1489 467 1538 morti,
478 1488 582 1530 addicunt:
597 1503 664 1529 eorum
673 1490 760 1531 fortunas
770 1491 806 1530 suh
816 1492 872 1532 hasta

101 1545 194 1594 vendunt,
214 1559 297 1584 amoenas
316 1544 376 1593 villas,
396 1544 450 1584 laetos
469 1543 542 1593 hortos,
561 1544 664 1597 pretiosam
684 1545 821 1598 supellectilem
836 1547 873 1586 sibi

101 1599 225 1652 adjudicant:
240 1603 301 1651 utque
317 1613 356 1638 uno
373 1598 431 1639 verbo
448 1597 522 1638 sceleris
540 1612 634 1639 summam
644 1600 810 1652 comprehendam,
821 1616 873 1642 sacra

101 1657 120 1693 et
130 1655 209 1707 prolana
218 1654 315 1708 polluunt.
330 1653 421 1706 Dumque
436 1652 544 1693 incredibili
553 1654 627 1694 insania
637 1655 728 1707 exagitati
737 1655 779 1696 haec
789 1656 873 1697 crudelia

100 1708 185 1749 facinora
194 1709 323 1757 committunt,
334 1720 410 1761 susque,
421 1708 482 1761 deque
491 1708 562 1758 fierunt,
573 1723 596 1748 an
605 1708 627 1748 in
636 1709 708 1749 crimen
717 1710 825 1760 inciderint,
836 1726 872 1752 nec

99 1777 131 1812 ne,
141 1764 162 1803 hi
177 1765 262 1817 inques
277 1765 305 1803 ita
317 1764 435 1803 truculenter
451 1762 539 1802 saeviunt.
567 1763 593 1802 m
607 1764 694 1816 profecto
705 1765 790 1817 quamvis
805 1780 871 1806 omnes

99 1817 166 1858 Iberni
175 1819 258 1872 Papistae
268 1818 373 1858 sacerdotes
391 1821 459 1865 essent,
469 1822 534 1857 tamen
550 1832 585 1858 nec
600 1818 709 1868 honestum,
719 1834 754 1860 neo
768 1819 871 1873 pulchrum

99 1873 196 1913 videretur
204 1874 225 1913 in
235 1887 267 1913 ecs
275 1876 316 1912 tam
324 1873 407 1912 immane
416 1872 509 1921 bacchari,
517 1877 643 1925 praeterquam
652 1873 688 1922 lex,
696 1875 751 1923 ratio,
761 1875 870 1927 exemplum

100 1928 200 1980 majorum,
211 1932 358 1979 caeterarumque
374 1927 462 1979 gentium
476 1940 537 1966 mores
547 1927 679 1979 praescribunt.
709 1928 773 1972 Quare
783 1933 802 1969 te
812 1931 870 1970 etiam

99 1982 221 2022 vehementer
239 1996 292 2035 rogo,
312 1985 335 2020 nt
353 1981 399 2021 huic
418 1980 532 2034 pestilentiae
546 1981 620 2022 obviam
636 1996 674 2031 eas,
689 1986 757 2037 totque
774 1987 793 2023 et
809 1986 869 2025 tantis

99 2037 154 2077 malis
170 2036 258 2077 adhibeas
275 2037 399 2076 curationem.
429 2035 473 2075 Hoc
489 2036 568 2075 interest
583 2035 655 2089 publici
671 2036 722 2087 boni,
742 2039 798 2091 cujus
819 2041 868 2080 ratic

99 2091 219 2144 potissimum
230 2090 317 2131 habenda
327 2093 361 2130 est.
386 2089 431 2130 Hoc
438 2089 517 2130 interest
527 2094 567 2140 tua,
573 2094 650 2143 tuaeque
658 2091 720 2141 famae,
731 2097 751 2132 et
760 2093 828 2146 gloriae
837 2096 868 2135 cui

99 2145 208 2198 reipublicae
215 2145 365 2198 gubernaculum
371 2145 488 2198 permittitur
490 2161 496 2194 3
507 2145 544 2185 hoo
550 2146 627 2186 interest
633 2146 731 2199 religionis
736 2152 814 2188 nostrae.
823 2149 868 2190 Hoc

99 2214 140 2240 mea
150 2200 235 2249 interest,
245 2200 333 2253 quicum
348 2199 467 2252 paucissimis
484 2199 525 2239 aliis
535 2199 609 2240 lbernis
619 2214 699 2241 veneror
710 2203 783 2255 regiam
792 2203 868 2257 religio-

99 2269 149 2295 nem.
186 2254 230 2294 Hoc
248 2255 328 2294 interest
346 2254 472 2307 singulorum,
492 2255 526 2306 qui
542 2255 619 2295 eandem
636 2257 755 2308 profitentur,
773 2260 869 2312 praecipue

98 2310 149 2362 regis
159 2309 192 2361 qui
201 2309 298 2362 religionis
307 2309 371 2362 hujus,
385 2309 453 2349 barma
469 2308 633 2359 dominationmm,
648 2315 772 2365 nostrumque
783 2314 869 2354 omniurn

99 2367 162 2417 caput,
173 2364 267 2418 princeps,
277 2368 335 2416 atque
344 2363 496 2417 propugaculum
512 2368 548 2413 est,
564 2379 589 2404 ne
598 2365 708 2418 reipublicae
718 2372 867 2420 oppugnatores,

98 2433 123 2460 110
133 2420 183 2467 saevi,
194 2433 233 2458 neu
241 2418 347 2472 irreligiosi,
358 2418 419 2471 impii,
434 2417 515 2470 exleges
526 2423 546 2458 et
555 2419 658 2460 habeamur
669 2421 776 2462 0111111111.υ

127 2473 182 2523 Quae,
193 2474 252 2513 oratio
263 2474 298 2514 etsi
307 2488 347 2513 non
357 2487 380 2513 ex
387 2473 450 2513 animo
460 2472 559 2514 Catholico
568 2475 728 2527 proficiscebatur,
739 2491 794 2530 aequa
803 2483 868 2520 tamen

98 2533 117 2569 et
126 2529 182 2569 utilia
198 2528 294 2577 suadebat,
312 2541 372 2581 eoque
389 2528 446 2568 altius
462 2527 483 2566 111
498 2530 584 2581 proregis
600 2529 686 2570 animum
701 2531 804 2583 descendit,
816 2536 868 2587 quod

99 2598 149 2633 eum,
163 2584 194 2623 vel
209 2583 327 2637 negligentia
343 2587 362 2623 et
377 2582 473 2636 imperitia
489 2583 598 2635 reipublicae
615 2586 740 2637 capessendae,
751 2588 781 2628 vel
795 2591 869 2631 saevitia

98 2644 165 2680 notare
174 2638 279 2679 videbatur.
308 2638 377 2691 ltaque
392 2638 427 2687 irfi,
444 2640 463 2676 et
480 2637 523 2677 odio
538 2639 621 2691 percitus
635 2639 730 2692 injuriam,
741 2654 799 2694 quam
808 2637 874 2687 libera

98 2694 173 2734 comitis
183 2694 267 2734 oratione
277 2692 314 2732 sibi
322 2692 395 2733 illatam
412 2691 505 2741 credebat,
515 2706 550 2745 per
560 2693 624 2733 dolum
634 2693 701 2734 ulcisci
710 2696 795 2747 molitur,
805 2700 869 2742 verbis

97 2747 126 2787 illi
136 2750 206 2801 gratias
216 2764 274 2803 agens
283 2762 318 2801 pro
328 2747 413 2796 consilio,
424 2747 457 2787 sed
467 2747 529 2787 animo
540 2748 631 2800 cogitans,
642 2750 804 2801 quemadmodum
818 2769 870 2796 mor.

97 2805 137 2841 tem
146 2804 230 2854 inferret,
241 2804 333 2859 scyphum
342 2802 382 2842 vini
391 2803 470 2855 plenum
479 2802 507 2841 illi
516 2803 605 2855 propinat
614 2803 635 2842 in
645 2805 695 2856 grati
705 2806 763 2848 animi
774 2809 870 2862 significa-

97 2855 175 2907 tionem,
192 2859 302 2912 volentique
316 2857 381 2898 bibere
395 2870 490 2897 varranum
500 2857 545 2897 satis
561 2856 645 2897 validum
660 2859 707 2900 vinc
722 2861 772 2903 clam
790 2865 871 2908 miscere

98 2910 158 2951 fertur
173 2914 282 2967 imperasse.
318 2913 376 2957 duod
394 2926 456 2953 acmes
471 2911 519 2952 nihil
536 2912 609 2953 adversi
624 2913 701 2965 timens,
720 2923 799 2973 propter
819 2923 875 2970 sitim,
