2237 3535
89 393 132 422 111.
148 377 192 429 nr]
320 390 426 418 1111111
442 386 685 420 1111111111111111111.
825 375 864 415 237

89 483 217 526 O’Sullevano
227 481 327 522 constituti
337 483 386 524 duce
395 483 492 525 aichardo
509 481 555 521 Mac
566 480 684 532 Gochegano
694 481 734 520 viro
744 481 818 522 nobili:
833 483 867 535 qui

88 538 205 582 munitiones
221 537 292 590 egressi
308 552 342 591 pro
359 554 415 580 muro
432 536 477 578 cum
494 537 550 576 hoste
559 535 635 575 fortiter
645 534 743 585 dimicarit,
753 536 809 577 illum
819 538 867 577 arcis

89 592 234 647 oppugnatione
244 592 277 633 diu
286 593 409 645 prohibentes
418 611 422 634 2
438 597 457 633 ct
466 593 519 633 intra
528 590 650 630 munimenta
659 589 753 644 compulsi
764 605 787 632 ex
796 591 867 644 pinnis,

89 647 177 691 fenestris
193 650 250 699 atque
266 647 350 688 turribus
367 664 408 690 sese
423 647 503 689 firmiter
520 649 606 685 tuentur¹
636 644 711 685 Carnus
725 649 791 699 aperta
800 647 819 686 vi
828 650 868 686 tor-

89 706 155 746 menta
164 702 185 741 in
195 716 257 742 arcem
267 716 321 754 agere
330 708 407 745 tentans
418 717 461 745 eum
472 702 484 741 a
497 699 675 754 propugnatoribus
691 701 830 754 prohiberetur,
848 705 868 741 et

90 757 209 810 eruptionem
219 757 339 808 facientibus,
350 765 368 799 et
378 758 457 799 missilia
468 771 491 797 err
500 754 642 796 munitionibus
657 755 788 809 jaculantibus
797 756 869 797 fossam

89 812 168 855 homine
184 811 260 852 cubitos
276 812 323 852 duos
338 814 425 855 altiorem
433 813 455 853 in
465 825 529 853 arcem
544 810 616 864 dirigit,
628 813 647 850 et
656 824 723 851 rursus
737 815 869 852 transversum

90 881 179 921 aggerem
189 866 268 907 obducit
277 882 346 921 magna
361 872 527 922 propugnatorum
544 866 667 907 contentione
676 880 711 920 pro
729 867 802 907 viribus
819 880 868 920 opus

89 922 282 975 interrumpentium:
300 927 319 962 et
328 924 348 963 in
357 925 427 964 fossam
438 937 482 963 cum
492 922 503 962 ὲ
513 921 585 962 castelli
601 920 687 962 turribus
702 935 742 962 non
756 924 807 963 essct
815 936 869 975 pros-

90 981 165 1032 pectus,
175 991 209 1030 per
224 992 266 1017 eum
281 978 340 1017 trahit
355 982 450 1019 tormenta
468 977 559 1031 quinque,
570 975 641 1031 quibus
655 976 676 1016 in
693 981 802 1018 transversa
815 978 867 1018 fossa

91 1032 189 1086 dispositis
205 1046 239 1072 arx
254 1032 344 1073 continuel
360 1034 452 1087 quatitur.
489 1032 571 1072 Interim
585 1036 738 1085 propugnatores
757 1033 869 1086 frequenter

91 1090 195 1140 erumpunt
204 1087 279 1127 hostem
289 1101 312 1127 11
322 1089 465 1141 oppugnatione
482 1087 577 1127 dimovere
594 1091 692 1137 conantes,
702 1087 751 1128 levia
760 1087 826 1142 praelia
835 1101 867 1128 co-

91 1143 156 1183 minus
166 1141 308 1191 committendo,
319 1146 338 1182 et
348 1145 422 1183 eminus
432 1157 455 1182 ex
465 1141 606 1182 munitionibus
615 1142 687 1195 ignitos
697 1142 766 1195 globos
779 1141 867 1182 bombar-

91 1197 127 1246 dis,
137 1197 275 1250 tormentisque
284 1197 377 1238 faciendo.
403 1198 416 1238 J
417 1211 447 1238 am
456 1196 501 1237 verb
511 1197 580 1237 crebris
590 1198 691 1237 tormentis
700 1197 764 1238 laxata
773 1197 865 1251 lapidum,

90 1251 222 1305 moeniumque
238 1266 329 1305 compage
346 1267 380 1292 arx
397 1251 503 1293 deficiebat.
532 1251 606 1304 Magna
622 1265 666 1304 pars
676 1253 767 1301 concidit,
776 1267 820 1305 pars
830 1253 868 1292 alia

92 1320 210 1360 consequens
225 1306 369 1360 procumbebat.
398 1307 435 1347 Per
451 1306 527 1347 ruinam
544 1307 607 1359 regius
617 1307 711 1346 exercitus
725 1308 746 1347 111
760 1309 867 1348 arcemim-

91 1365 159 1416 petum
168 1362 220 1402 facit.
249 1360 345 1414 Utrinque
354 1376 425 1415 magna
435 1361 486 1401 caede
500 1361 551 1401 facta
560 1364 713 1414 propugnatores
722 1362 817 1415 impetum
826 1376 867 1402 sus-

91 1416 148 1456 tinet.
176 1416 233 1470 Regii
249 1430 315 1456 rursus
331 1421 415 1469 pergunt
432 1416 506 1455 eminus
522 1429 584 1455 arcem
600 1416 701 1455 tormentis
717 1430 833 1465 consumere,
849 1420 869 1457 et

92 1470 202 1511 bomhardis
218 1474 370 1524 propugnatores
388 1485 411 1511 ex
430 1484 492 1519 muro,
512 1469 636 1522 turribusque
655 1470 757 1511 dimovere.
787 1470 870 1524 lugente

92 1527 167 1578 fragore
176 1526 238 1565 frusta
246 1525 362 1565 munimenti
371 1529 437 1574 ruunt,
445 1525 541 1565 trahentia
550 1525 620 1564 milites
631 1538 702 1574 secum,
712 1539 796 1579 saxaque
805 1525 871 1566 collisa

93 1583 175 1621 armatos
186 1579 278 1620 obruunt.
307 1579 363 1633 Regii
379 1595 414 1633 per
430 1580 506 1620 ruinam
521 1579 637 1633 irrumpunt,
655 1594 704 1633 quos
718 1584 871 1635 propugnatores

94 1634 184 1688 globulis,
195 1638 214 1675 11
223 1634 320 1688 lapidibus
337 1638 470 1684 consternunt,
487 1635 548 1674 hastis
557 1636 678 1687 transfigunt,
690 1635 758 1689 gladiis
773 1635 871 1689 jugulant,

94 1690 177 1730 admotis
194 1689 272 1743 clypeis,
288 1690 376 1742 sanisque
391 1689 483 1731 revolutis
501 1689 590 1730 deorsum
605 1703 639 1742 per
653 1690 729 1731 ruinam
743 1691 870 1745 praecipitant,

93 1748 172 1797 totaque
181 1744 282 1798 repellunt.
312 1745 383 1785 Adhuc
392 1745 439 1798 regii
449 1745 590 1785 munimentum
600 1746 700 1785 tormentis
711 1747 785 1786 eminus
795 1760 869 1800 oppug-

93 1804 147 1848 nant,
158 1804 177 1839 et
187 1799 280 1840 machinis
289 1799 332 1839 tutb
340 1799 498 1849 convellentibus,
505 1799 645 1840 munitionibus
651 1800 720 1840 affatim
728 1800 868 1851 corruentibus,

93 1859 237 1908 propugnatore
245 1854 316 1908 passim
326 1854 405 1895 cadente
414 1869 454 1895 non
465 1855 521 1895 datur
537 1854 596 1895 libera
606 1855 685 1895 facultas
695 1856 755 1896 ruinae
766 1855 869 1896 detenden-

95 1909 124 1949 dae
133 1927 137 1949 :
147 1924 181 1963 per
189 1924 231 1950 eam
239 1913 391 1962 propugnatores
401 1911 496 1961 irruuntlt
509 1910 558 1950 etin
568 1909 638 1959 aulam,
648 1910 673 1949 ad
683 1925 741 1963 quam
750 1924 817 1963 usque,
827 1925 868 1951 cas·
877 1923 937 1964 [reu]

94 1964 162 2004 tellum
172 1968 212 2004 erat
218 1964 329 2016 collapsum,
336 1964 423 2004 cohortes
433 1968 472 2004 tres
482 1965 536 2017 signa
545 1965 648 2005 inferentes
659 1964 757 2005 dimidiam
767 1970 868 2019 occupant.

95 2018 128 2060 Ibi
137 2017 312 2072 propugnatoribus
325 2018 469 2059 occurrentibus
483 2033 551 2059 manns
570 2023 659 2060 cruenter
669 2021 787 2060 conseritur:
803 2021 870 2061 multis

94 2075 186 2128 utrinque
195 2072 306 2114 vulneribus
315 2073 399 2122 inflictis,
410 2073 476 2113 multis
485 2074 531 2114 viris
540 2074 665 2126 interemptis
675 2075 723 2128 regii
732 2079 787 2129 terga
796 2079 869 2117 vertere

95 2134 198 2181 coguntur,
208 2128 277 2176 aulam,
288 2132 307 2167 et
316 2129 391 2168 ruinam
400 2133 462 2169 totam
472 2128 584 2169 deserentes.
616 2129 655 2172 1111
665 2130 733 2170 sauciis
743 2130 824 2183 receptis
833 2131 869 2171 ite-

94 2197 138 2223 rum
147 2184 274 2237 irruptionem
283 2183 356 2223 iaciunt
371 2188 452 2233 recente,
467 2188 573 2238 vegetoque
582 2183 643 2224 milite
653 2198 698 2224 cum
707 2185 787 2234 defesso,
798 2189 817 2225 et
826 2186 869 2226 vul-

94 2241 167 2287 nerato,
183 2242 202 2278 et
218 2252 288 2291 magna
303 2238 426 2279 multitudine
443 2252 487 2278 cum
503 2240 569 2292 paucis
584 2239 715 2292 confligentes.
743 2240 830 2280 Primum
845 2241 870 2282 de

95 2292 151 2332 ruina
168 2293 282 2333 dimicatur:
297 2293 348 2333 unde
364 2294 541 2347 propugnatoribus
557 2293 641 2348 expulsis
658 2295 744 2335 cohortes
759 2299 832 2348 septem
847 2297 869 2336 iu

96 2347 159 2387 aulam
175 2348 248 2401 aquilas
265 2348 366 2388 conferunt
383 2348 406 2388 eb
416 2349 452 2389 sibi
462 2349 553 2402 iniquam,
569 2349 621 2403 quod
635 2350 656 2389 in
666 2364 687 2389 ea
697 2364 717 2390 se
726 2364 766 2390 non
779 2353 869 2403 poterant

97 2402 197 2455 explicare.
227 2403 259 2443 lbi
268 2402 290 2442 11
299 2402 376 2457 longam
381 2417 455 2444 moram
463 2418 529 2457 pugna
536 2404 653 2458 protrahitur
662 2422 665 2444 ι
679 2404 736 2445 multi
745 2405 818 2445 mutuis
827 2406 870 2446 rul-

96 2457 173 2498 neribns
184 2458 325 2498 succumbunt:
340 2473 410 2512 magna
426 2472 533 2511 corporum,
551 2464 609 2513 atque
618 2473 714 2499 armorum
723 2463 795 2512 strages
811 2460 869 2513 jacet.

96 2512 148 2552 Aula
157 2516 198 2553 tota
208 2513 307 2566 sanguinis
316 2513 383 2554 rivulis
400 2514 448 2553 fluit.
477 2514 646 2567 Propugnatorum
660 2528 704 2567 pars
719 2514 777 2568 longe
787 2516 870 2556 maxima

97 2567 160 2616 cadit;
175 2569 281 2622 praesertim
296 2568 343 2608 Dux
358 2568 471 2618 Richardus,
481 2569 536 2621 cujus
546 2570 604 2609 animi
618 2569 731 2621 magnitudo
741 2583 785 2609 cum
795 2572 871 2623 generis

98 2622 182 2663 claritate
193 2623 217 2663 de
226 2623 336 2677 principatu
352 2623 485 2672 contendebat,
495 2623 576 2663 maxime
592 2623 669 2663 strenue
682 2624 771 2677 praelians
780 2624 831 2665 inter
840 2641 871 2666 ca-

98 2677 167 2718 davera
193 2679 309 2719 semianimis
328 2679 442 2732 procumbit,
468 2678 539 2727 multis,
559 2682 617 2732 atque
636 2678 738 2719 lethalibus
758 2679 872 2722 vulneribus

99 2732 183 2773 allectus.
227 2733 353 2786 Reliquorum
384 2735 441 2775 etiarn
476 2747 532 2773 nemo
561 2748 602 2773 uon
632 2733 743 2774 vulneribus
774 2734 871 2789 affligitur.

99 2787 215 2839 Superstitcs
233 2789 296 2829 aulam
312 2790 440 2842 relinquentes
456 2788 477 2828 in
493 2789 581 2828 inferiora
597 2787 682 2828 tabulata
698 2804 718 2829 se
727 2790 811 2843 recipere
821 2806 872 2833 com-

98 2842 202 2893 pelluntur.
242 2844 300 2885 Unde
323 2844 413 2885 acerrime
434 2847 542 2897 pugnantes
564 2847 641 2883 tautum
663 2858 707 2883 cum
730 2846 807 2896 virtute,
829 2852 873 2888 tum

99 2896 236 2949 desperatione,
248 2914 290 2953 quae
300 2900 324 2939 ad
333 2901 413 2940 honeste
430 2897 549 2939 moriendum
558 2897 608 2952 saepe
624 2912 716 2952 magnum
725 2900 873 2943 incitamentum

99 2955 134 2999 est,
145 2952 251 3004 ralumuut,
264 2958 285 2995 ut
294 2955 368 2996 hostem
378 2954 461 3008 primum
472 2954 803 3004 11111111111111111111111111.
818 2958 873 2998 lllicb
