2237 3535
272 387 310 426 256
406 389 539 429 o'sumnvnur
550 398 651 427 ursaonae
667 400 790 437 ciirnonrea,
804 400 846 428 'ron
860 400 892 426 111.
930 386 980 437 [nra.
996 400 1041 427 vnr.

270 495 342 537 frustra
360 497 453 548 obsident,
473 494 607 544 O'Sullevano,
627 499 646 535 et
665 496 713 540 Mac.
725 496 876 538 Guieriobviam
891 497 919 537 ire
935 493 1039 550 cupientes.

271 549 416 602 O’Snllevanus,
427 558 447 592 et
456 552 501 591 Mac
511 550 571 591 Gener
578 549 663 591 millibus
672 564 763 603 passuum
773 566 807 592 sen
815 553 866 593 ultra
874 551 943 592 vadum
954 565 975 592 ea
984 556 1041 592 nocte

271 607 403 648 consederunt.
431 604 527 646 Postridie
543 619 588 646 curn
605 605 740 658 comperissent
749 606 814 648 hostes
824 607 848 648 ἃᾶ
857 606 927 649 vadum
936 607 958 646 iu
966 607 1040 647 insidiis

270 660 362 711 distineri,
373 675 439 702 eorum
447 666 509 701 castra
519 673 562 713 quae
572 675 605 701 sex
614 659 654 701 aliis
664 659 749 701 millibus
762 675 853 713 passuum
863 663 946 710 aberant,
957 663 1041 716 aggressi

270 717 359 769 capimrt:
374 716 395 755 in
413 716 451 756 illis
462 730 484 756 ea
493 715 530 765 die,
540 719 636 769 nocteque
644 719 786 756 commorantur
800 716 975 772 propugnatoribus
985 718 1040 770 quin-

270 770 361 823 quaginta
369 770 456 824 patibulo
467 770 570 824 suspensis,
580 775 600 811 et
616 784 685 823 magna
699 773 834 821 armentorum,
850 786 967 826 gregumque
977 772 1041 825 prada

269 829 390 878 congregata.
418 825 498 866 Postero
508 825 539 865 die
548 825 594 866 Mac
604 825 664 865 Guier
672 828 725 865 ratus
734 839 776 865 eam
785 832 913 879 opportunam
923 827 1040 868 occasionem

268 880 367 933 praedandi
384 893 422 934 qua
438 880 503 921 hostes
520 880 544 921 ad
560 880 632 921 vadum
647 879 731 921 millibus
747 894 838 934 passuum
855 882 956 923 duodecim
968 882 1041 922 distans

267 935 432 988 praestolabantur,
443 950 488 976 cum
497 934 591 976 militibus
608 934 695 975 ducentis
710 934 808 989 expeditis,
824 937 891 977 castris
906 951 993 991 egressus
1007 950 1040 991 per

267 989 335 1040 socios,
346 994 364 1031 et
374 992 458 1032 fautores
468 989 577 1044 Anglorum
586 990 703 1031 incursiones
713 991 798 1030 facturus
807 990 835 1030 ire
845 993 950 1032 contendit.
971 991 1040 1032 O'Sul-

266 1044 351 1095 levanus,
362 1045 394 1086 cui
403 1046 466 1086 solum
475 1045 542 1086 armati
551 1049 631 1086 centum
640 1050 693 1086 erant
703 1045 769 1093 relicti,
780 1045 858 1095 veritus,
869 1060 893 1086 ne
906 1047 985 1087 absente
994 1047 1040 1087 Mac

267 1099 338 1141 Guiere
347 1100 371 1141 ab
380 1101 465 1141 irruente
480 1101 541 1141 hostis
556 1100 686 1150 multitudine,
697 1100 752 1153 cujus
766 1100 870 1141 adventum
879 1101 964 1150 timebat,
976 1102 1039 1155 oppri-
1050 1145 1051 1148 Ἴ

265 1159 355 1205 meretur,
372 1157 439 1196 castris
456 1155 540 1209 direptis,
554 1155 638 1196 incensis
652 1156 739 1196 tentoriis
749 1155 773 1196 ἃᾶ
782 1155 903 1197 Allarcanam
913 1157 992 1197 densam
1002 1156 1038 1210 syl-

265 1224 308 1250 vam
318 1224 363 1250 cum
373 1211 437 1264 spoliis
447 1225 468 1251 se
477 1210 554 1264 recepit.
583 1210 699 1251 Brevissimo
708 1214 752 1264 post
761 1214 847 1264 tempore
857 1211 927 1261 hostes,
937 1211 971 1264 qui
981 1211 1038 1252 allato

265 1269 370 1306 castrorum
387 1269 545 1319 expugnatorum,
561 1265 668 1319 praedaeque
684 1264 753 1306 ablatae
766 1266 837 1306 nuncio
852 1266 891 1306 suis
901 1266 982 1319 navigiis
992 1270 1038 1306 sunt

264 1322 340 1370 reversi,
350 1335 390 1361 non
398 1320 466 1375 procul
475 1320 556 1375 expositi
566 1334 610 1361 cum
626 1320 646 1360 in
663 1320 785 1361 O’Sullevani
802 1324 925 1374 conspectum
941 1322 1037 1374 pervenis-

264 1379 312 1425 sent,
323 1376 383 1416 aciem
392 1376 467 1416 vindice
477 1376 540 1416 aninro
550 1379 670 1416 construunt.
700 1375 840 1416 O'Sussevanus
849 1377 910 1429 primo
920 1376 963 1416 loco
973 1375 1037 1430 dispo-

264 1430 310 1471 sitos
326 1435 408 1472 armatos
423 1431 502 1480 habens,
519 1431 531 1470 a
545 1435 600 1484 tergo
616 1431 697 1479 calones,
714 1445 789 1484 pueros,
806 1435 864 1484 atque
873 1431 958 1471 faeminas
968 1431 1036 1484 longos

264 1486 339 1539 stipites
355 1486 460 1539 probastis
476 1489 569 1539 gerentes
586 1486 639 1526 velut
653 1486 675 1526 in
685 1485 774 1526 subsidiis
784 1485 871 1535 collocat,
881 1491 903 1526 ut
912 1486 1036 1527 multitudine

264 1540 316 1581 hosti
325 1541 419 1582 incuteret
428 1545 525 1581 terrorem.
554 1540 611 1594 Regii
625 1540 720 1590 fiduciam,
731 1555 788 1593 quarn
802 1540 941 1582 O'Sullevanus
951 1542 978 1581 rei
987 1540 1036 1581 bene

265 1596 353 1648 gerendae
362 1596 512 1649 praeseferebat,
523 1595 616 1645 admirati,
624 1600 643 1635 et
651 1595 801 1645 multitudinem,
809 1596 865 1649 cnjus
874 1596 924 1636 fama
934 1596 991 1636 ctiam
1000 1611 1028 1636 nu

264 1664 339 1691 merum
355 1650 462 1704 superabat,
473 1651 603 1704 contemplati,
619 1650 664 1691 Mac
674 1650 764 1690 Guierem
779 1665 824 1691 cum
840 1650 933 1691 militibus
949 1651 1035 1691 [lucentis

264 1705 330 1745 abesse
339 1706 407 1759 ignari,
417 1706 501 1745 multum
511 1706 562 1746 diem
577 1705 668 1757 ancipites
682 1709 804 1755 consumunt,
815 1720 840 1746 an
854 1706 941 1758 expediat
950 1720 1035 1759 pugnam

263 1760 398 1801 committere?
426 1760 505 1801 Interea
521 1760 557 1800 sub
574 1773 674 1813 vesperum
689 1760 735 1800 blac
745 1760 804 1800 (liner
821 1775 866 1800 cum
879 1761 957 1813 ingente
971 1761 1034 1814 praeda

261 1815 363 1856 incolumis
372 1815 429 1856 redit.
457 1814 515 1868 Regii
524 1829 578 1855 suam
589 1818 659 1855 sortem
674 1819 789 1865 execrantes,
800 1815 851 1868 qubd
862 1815 985 1856 &Sullevani
994 1820 1034 1856 arte

261 1870 322 1910 delusi
332 1870 431 1910 victoriam
441 1884 464 1910 ex
474 1869 563 1910 manibus
580 1869 693 1919 dimiserint,
707 1869 776 1923 pedem
789 1870 880 1919 referunt,
890 1874 996 1910 castrorum
1006 1871 1018 1911 d

260 1929 365 1979 reptorum,
381 1925 488 1978 praedaeque
504 1925 577 1965 amissa
592 1928 657 1973 testes,
674 1929 694 1964 et
703 1925 766 1965 animo
776 1924 844 1965 tuendi
854 1928 930 1965 tantum
938 1925 1032 1979 praesidia,

261 1993 304 2034 quae
313 1981 335 2020 in
343 1979 396 2021 lacus
405 1980 473 2020 insulis
483 1979 584 2028 habebant,
596 1979 656 2019 donec
665 1978 761 2020 uberiores
771 1980 830 2033 copiae
840 1979 925 2021 subsidio
935 1981 1032 2021 mitteren-

260 2040 292 2075 tur
308 2035 385 2089 navigia
398 2039 474 2089 petunt.
503 2034 551 2074 Erat
565 2035 586 2074 in
602 2034 675 2083 itinere,
692 2048 729 2087 quo
745 2034 861 2075 tendebatur
870 2035 894 2075 ad
903 2050 967 2085 naves,
977 2039 1032 2076 vetus

260 2091 402 2131 munimentum
412 2090 514 2139 desertum,
524 2088 535 2129 b
544 2089 624 2129 minutis
633 2089 728 2143 lapidibus
743 2090 849 2139 conditum,
858 2090 909 2130 fossa
919 2091 1023 2144 circumsep

259 2150 307 2194 tum,
318 2149 338 2185 et
345 2145 400 2186 celsis
409 2144 509 2185 arboribus
524 2144 549 2185 ad
566 2144 669 2197 marginem
686 2145 781 2184 consitum
793 2144 880 2197 (0¹Neb1'
889 2149 973 2185 castrmn
981 2146 1031 2186 indi-

259 2201 314 2254 genis
324 2204 453 2253 nuncupatur,
464 2199 517 2254 qubd
526 2199 547 2239 in
558 2213 579 2239 eo
590 2199 657 2238 solitus
667 2203 707 2239 erat
717 2198 812 2239 O'Nellus
822 2199 868 2239 Mac
877 2199 967 2241 (trierem
976 2200 1031 2241 inau-

259 2256 342 2309 gurare.)
373 2255 399 2295 ln
407 2255 428 2295 id
438 2261 521 2296 castrum
530 2254 579 2307 regii
589 2253 762 2307 contemplantibus
772 2253 913 2295 Catholicorum
925 2255 1031 2309 explorato-

258 2311 312 2351 ribus
322 2325 344 2351 ea
353 2313 410 2351 nocte
420 2325 440 2350 se
455 2310 557 2364 recipiunt,
569 2308 622 2362 qubd
636 2313 680 2349 ante
696 2308 782 2349 tenebras
793 2323 832 2349 non
841 2314 930 2363 poterant
939 2310 963 2350 ad
973 2325 1030 2351 naves

258 2366 330 2406 venire.
357 2365 408 2406 Iude
416 2365 503 2419 proxima
512 2364 556 2405 luce
565 2363 647 2418 profecti
656 2363 680 2403 ad
689 2364 771 2416 navigia,
779 2364 825 2404 hora
834 2369 878 2417 post
887 2365 932 2406 solis
942 2370 1030 2406 exortum

258 2421 334 2462 circiter
343 2424 411 2474 quarta
427 2434 472 2460 cum
486 2420 589 2468 venissent,
599 2418 704 2459 Ednnmdo
718 2432 762 2458 curn
771 2420 836 2472 paucis
846 2421 963 2469 transmisso,
974 2420 1030 2461 1101-

258 2476 340 2526 tlrolicis,
351 2476 385 2529 qui
394 2475 471 2528 agmine
480 2474 538 2515 tacito
555 2473 690 2528 sequebantur,
707 2476 785 2526 repente
795 2473 839 2514 dato
848 2489 919 2528 pugnae
929 2477 984 2528 signo
994 2477 1029 2516 cir-

192 2534 251 2577 [1981]
258 2532 424 2582 crunverriuntur.ll
455 2530 569 2583 Repentino,
580 2533 600 2569 et
609 2529 708 2581 inopinato
718 2542 762 2568 casu
775 2530 871 2582 perterriti
880 2531 912 2571 alii
920 2534 975 2570 tanta
984 2545 1029 2571 con-

257 2587 349 2636 tentione,
367 2590 386 2625 et
401 2584 488 2625 tumultu
500 2584 600 2625 'naviculas
616 2583 752 2632 conscendunt,
762 2588 785 2623 ut
794 2584 882 2625 nonnulli
892 2586 1028 2638 deprimantur,

256 2642 288 2683 alii
297 2645 352 2682 tanta
361 2640 485 2681 multitudine
494 2640 581 2693 proxima
590 2639 666 2692 navigia
676 2642 760 2687 onerant,
771 2641 794 2678 ut
803 2640 842 2679 una
852 2654 895 2680 cum
905 2640 943 2680 illis
953 2654 973 2680 se
983 2640 1028 2681 sub-

254 2700 356 2750 mergant:
372 2696 404 2736 alii
419 2695 517 2735 inlocum
535 2709 555 2735 se
571 2694 712 2748 precipitantes
729 2693 785 2734 armis
800 2709 866 2747 graves
880 2695 901 2734 in
910 2695 1028 2748 profundum

254 2752 381 2793 hauriuntur:
397 2751 429 2792 alii
438 2750 462 2791 ab
472 2749 549 2790 Ibernis
556 2749 678 2803 jugulantur.
707 2746 752 2788 Una
760 2748 797 2789 luit
813 2750 867 2790 navis
883 2751 955 2790 caeteris
970 2751 1027 2804 paulo

253 2808 320 2860 major,
331 2820 374 2860 quae
384 2820 428 2846 cum
436 2806 505 2846 luisset
514 2806 595 2845 interius
610 2801 728 2858 fugientibus
740 2803 825 2857 impleta,
835 2805 918 2845 euterius
927 2805 985 2845 etiam
994 2820 1027 2859 pa-

253 2863 302 2903 vidis
319 2861 454 2910 circumdatur,
472 2860 506 2914 qui
521 2860 533 2900 a
550 2860 629 2900 summis
647 2857 722 2899 sualmis
737 2859 823 2912 penduli,
833 2860 927 2913 uncisque
937 2861 1027 2901 manibus
1052 2905 1054 2908 ,

252 2930 321 2958 navem
331 2920 417 2957 tenentes
427 2915 529 2956 ascendere
538 2916 634 2955 nituntur.
665 2912 709 2957 Quo
719 2913 738 2953 in
749 2915 862 2964 statutum,
874 2929 912 2967 quo
921 2916 976 2956 navis
987 2921 1026 2956 erat

253 2973 276 3013 ad
294 2986 382 3026 aggerem
399 2971 491 3025 alligata,
500 2970 624 3024 deprehenso,
633 2969 675 3022 ipsa
685 2968 783 3022 glandium
793 2969 854 3011 imbre
864 2969 957 3011 obruitur.
988 2971 1025 3012 Sed

1103 1047 1119 1059 ⁴⁴«,

1103 1061 1119 1110 ³2³3

1101 1468 1110 1487 η
1098 1445 1107 1458 2:
1098 1178 1112 1433 «επ-’Ψηψῑῄτγῆτη-ιτ-
1104 1153 1110 1166 ,2
1106 1139 1109 1147 ,1
1104 1122 1110 1130 ,.
1104 1017 1110 1029 r

1113 1471 1119 1485 «.-
1108 1382 1119 1427 ‚Qun
1111 1361 1118 1374 -a
1112 1323 1119 1354 Nm
1117 1288 1119 1293 ,
1112 1237 1119 1276 o:
1117 1221 1119 1227 2
1110 1130 1119 1213 ‚sp-esu&
1115 1055 1117 1065 -
1112 1020 1119 1031 J
