2174 3535
208 379 249 420 art
349 383 484 422 o'sonnnvanr
493 393 595 422 nrsronrm
606 394 735 433 carnonam,
744 396 791 424 rou.
802 395 830 424 rv.
897 382 949 434 [cru.
965 393 980 422 1.

205 502 247 529 rem
265 490 292 531 ita
312 504 385 544 gerens,
395 494 418 531 ut
436 491 511 543 parandis,
521 493 540 530 et
559 490 704 532 excursionibus
723 492 807 533 multum
826 490 980 534 Protestantibus

206 544 297 595 offecerit,
308 544 357 599 saept
375 560 418 585 cum
432 545 470 585 illis
488 544 546 585 fuerit
561 544 656 594 velitatus,
666 545 755 599 levesque
771 562 848 601 pugnas
858 546 978 589 commiserit.

205 599 238 641 Ad
248 601 299 654 quod
316 600 386 641 bellum
403 599 546 652 suscipiendum
562 599 674 640 movebatur
689 606 758 654 prater
774 608 888 644 memoratas
900 601 979 656 injurias

205 658 249 696 tum
259 656 308 709 quod
319 669 363 696 cum
372 653 448 694 Ibernis
467 654 555 708 Anglicae
573 655 661 695 factionis
681 669 719 695 non
730 656 793 696 minus
804 658 911 707 crudeliter,
922 670 978 710 quarn

205 724 250 751 curn
260 711 337 758 caeteris,
347 709 407 762 Angli
417 708 505 763 agebant,
522 715 564 749 tum
580 709 686 762 tyrannidis
703 710 849 763 magnitudine,
860 713 915 766 cujus
924 726 978 753 vaca·

204 765 276 806 tionem
284 764 338 804 nulla
347 777 378 804 res
386 769 455 817 praetar
465 763 536 804 bellurn
554 764 649 805 afferebat.
679 764 723 805 Jam
734 765 778 806 verb
788 766 896 808 bichardus
906 764 978 807 Vinkel

203 820 279 873 Anglus
294 833 352 873 eques
368 819 454 859 duratus
469 819 552 860 iberniae
569 823 713 860 castrametatur
729 825 812 873 quatuor
826 823 909 863 militnm
919 821 977 862 millia

204 875 274 915 ducens
291 888 354 915 arcem
369 873 428 923 illam,
446 874 478 915 cui
492 874 577 915 Felmius
592 879 678 928 praeerat,
689 873 770 916 obsidet.
800 875 886 917 llelmius
894 881 947 918 ratus
958 890 977 916 se

201 943 259 983 parvo
276 929 365 983 praesidio
382 929 524 970 munimentum
540 930 578 970 loci
593 934 662 970 natura
675 944 715 971 non
725 930 770 971 satis
779 932 883 981 munitum,
894 933 928 973 diu
937 945 977 973 non

200 998 256 1038 posse
266 984 373 1034 defendere,
384 999 419 1025 nec
429 985 572 1026 O'Docbartarn
583 999 639 1039 opem
647 985 738 1035 laturum,
745 985 797 1038 quod
802 986 887 1027 militum
896 1000 976 1027 numero

199 1039 277 1080 inferior
286 1044 327 1081 erat
337 1041 497 1081 castrametatoris
507 1041 597 1089 exercitu,
608 1041 673 1093 ignem
682 1041 744 1093 injicit
754 1041 798 1090 arci,
805 1039 919 1095 duabusque
924 1041 976 1082 navi-

198 1094 235 1135 bus
245 1096 335 1135 onerariis
342 1095 403 1148 plenis
408 1092 467 1136 tritici
473 1096 494 1136 in
501 1101 626 1136 commeatum
635 1097 688 1136 missi
696 1096 746 1136 Luci
756 1096 852 1149 prasidio,
861 1110 907 1149 quas
922 1111 977 1150 cepe-

197 1153 234 1190 rat.
245 1149 290 1190 Duo
298 1164 375 1204 quoque
382 1151 442 1191 millia
451 1150 544 1191 librorum
553 1150 686 1191 haereticorum
694 1164 738 1204 quae
744 1150 794 1191 Luci
804 1150 975 1205 Ministropiscopi,

198 1209 258 1254 erant,
268 1206 289 1245 in
299 1206 393 1246 exercitus
410 1210 515 1259 conspectu
529 1206 550 1245 in
560 1206 624 1259 ignem
635 1206 765 1247 consumenda
773 1206 843 1259 injicit,
853 1206 922 1259 spretis
932 1221 975 1247 oen-

197 1265 240 1300 tum
250 1262 324 1314 argenti
333 1260 386 1301 libris
397 1260 467 1314 quibus
477 1276 510 1301 eos
519 1261 698 1314 Pseudoepiscopus
707 1261 799 1301 redimere
807 1261 902 1314 cupiebat,
909 1264 928 1301 et
934 1262 975 1314 ipse

197 1315 272 1356 duobus
282 1315 372 1368 phasellis
382 1330 426 1356 curn
435 1316 528 1356 militibus
538 1316 595 1369 fugit,
610 1320 705 1357 tormenta
719 1316 789 1370 partim
805 1330 870 1356 seeum
881 1316 973 1365 deferens,

195 1371 266 1424 partim
276 1371 366 1424 dejiciens
376 1372 396 1411 in
406 1386 464 1411 mare.
479 1371 539 1425 Cujus
548 1371 594 1411 facti
604 1370 752 1420 O’Doclrartam‚
760 1371 793 1425 qui
801 1372 868 1411 statuit
877 1370 973 1411 delmium

196 1426 295 1467 obsidione
304 1426 390 1475 liberare,
401 1427 499 1480 poenituit.
526 1426 616 1467 Beartam
626 1440 702 1479 qnoque
711 1440 773 1466 arcein
786 1430 930 1466 castrametator
940 1426 973 1466 ob-

196 1481 244 1522 sidio
254 1481 318 1530 vallat,
328 1481 363 1522 ubi
373 1486 413 1521 erat
422 1482 484 1522 Maria
492 1481 619 1522 O'Dochartae
627 1495 675 1521 uxor
684 1482 788 1522 Praestonis
798 1481 916 1522 vicecomitis
925 1482 970 1521 filia.

196 1537 267 1576 Arcem
275 1537 385 1576 Monachus
395 1537 429 1590 qui
437 1537 491 1577 illam
500 1535 584 1585 tenebat,
594 1536 665 1589 prodit,
675 1540 694 1576 et
703 1537 745 1589 ipse
754 1536 813 1576 simul
821 1535 866 1577 fidei
875 1536 970 1577 nuncium

196 1591 277 1631 remittit
292 1595 362 1644 pactus
376 1594 447 1640 tamen,
458 1596 481 1631 ut
495 1591 608 1644 praesidiarii
617 1591 723 1632 incolumes
733 1591 886 1632 dimitterentur:
902 1591 972 1644 quibus

195 1646 272 1699 Anglus
288 1646 346 1686 fidem
364 1647 398 1686 sua
414 1646 507 1699 religione
523 1646 605 1686 servavit
621 1645 668 1686 alios
683 1647 704 1686 in
718 1646 795 1686 vincula
804 1646 914 1695 detrudens,
924 1646 972 1687 alios

193 1702 257 1756 pretio
274 1705 401 1750 commutans,
419 1705 439 1741 et
455 1701 537 1741 Mariam
546 1700 661 1741 Vicecomiti
670 1700 731 1751 fratri,
741 1701 775 1753 qui
784 1701 873 1741 factionis
883 1700 971 1753 Anglicae

128 1760 241 1818 [211,]erat,
252 1756 397 1796 custodiendam
406 1756 491 1796 tradens.
511 1755 561 1796 Inde
570 1759 713 1796 castrametator
723 1755 747 1796 ad
757 1755 889 1809 direptionem,
894 1757 902 1808 ll
914 1759 971 1809 atque

194 1811 363 1864 depopulationem
379 1825 475 1864 agrorum,
492 1823 540 1863 quos
558 1809 680 1850 O’Docharta
689 1810 800 1864 possidebat
809 1812 896 1851 vertitur.
926 1810 970 1855 Quo

193 1871 264 1907 conatu
272 1866 329 1907 illum
339 1865 463 1907 OfDocharta
472 1865 573 1919 prohibere
589 1865 667 1914 insistit,
677 1865 735 1914 mille,
746 1866 901 1918 quingentosque
910 1880 970 1906 arma-

192 1927 223 1962 tos
233 1922 330 1962 ductitans
339 1936 380 1962 non
388 1920 447 1974 longe
457 1920 481 1961 ab
490 1920 546 1961 hoste
556 1920 630 1961 stativis
638 1920 740 1961 collocatis.
769 1920 859 1974 Plerique
868 1920 968 1961 castrame-

191 1978 258 2018 tatoris
268 1977 339 2017 milites
347 1976 421 2026 Ibemi,
427 1981 447 2017 et
452 1975 594 2030 Anglo-Iberni
600 1975 693 2016 Catholici
703 1978 762 2024 erant,
773 1975 829 2016 sedit
839 1976 969 2016 sacerdotibus

191 2032 279 2086 Anglicae
293 2032 382 2073 factionis
392 2046 432 2072 non
441 2031 491 2072 bene
507 2030 559 2071 docti
575 2030 715 2080 existimabant,
726 2030 763 2071 sibi
772 2030 829 2071 licere
838 2044 873 2084 pro
883 2031 969 2085 principe

191 2090 310 2141 protestante
320 2090 386 2128 contra
396 2086 506 2127 Oatbolicos
515 2099 607 2140 pugnare,
618 2086 664 2126 dum
673 2086 695 2126 in
709 2085 841 2139 spiritualibus
855 2100 895 2126 non
911 2086 968 2127 habe-

190 2138 233 2183 rent
243 2157 286 2183 oum
296 2142 391 2183 haereticis
400 2142 562 2182 communionem.
577 2140 608 2180 ux
615 2141 683 2181 horum
690 2140 810 2193 principibus
821 2145 861 2181 erat
871 2141 969 2182 Henricus

191 2198 286 2238 O'Nellus
295 2202 423 2251 cognomento
439 2197 453 2237 J
453 2197 516 2245 unior,
532 2197 565 2249 qui
580 2200 635 2236 antea
644 2196 680 2236 sub
691 2195 774 2236 O'Nello
783 2197 806 2235 in
814 2196 914 2236 haereticos
923 2196 967 2246 fide,

191 2258 210 2294 et
220 2252 309 2294 acerrime
320 2253 448 2293 dimicaverat.
463 2251 496 2292 Ad
505 2251 576 2300 locum,
587 2252 620 2303 qui
630 2250 744 2291 Keannbuir
753 2251 886 2292 nominatur.l
900 2250 967 2292 O'Do-

190 2309 256 2349 charta
265 2309 286 2349 in
295 2307 344 2348 illud
354 2311 460 2348 castrorum
469 2321 535 2356 cornu,
546 2306 598 2359 quod
609 2305 705 2346 Henricus
715 2305 798 2356 tenebat,
806 2321 850 2347 cum
857 2306 967 2360 quingentis

190 2364 267 2404 armatis
276 2367 337 2404 noctu
346 2363 392 2403 facit
400 2364 507 2417 impetum:
522 2361 595 2402 vallum
610 2360 674 2401 subitb
691 2367 821 2413 transgressus
830 2361 898 2415 uigiles
909 2365 967 2415 atque

189 2418 278 2460 custodes
293 2418 399 2459 interimit:
415 2419 476 2471 prima
492 2418 575 2457 tentoria
584 2421 662 2470 repente
672 2416 765 2465 circumit,
775 2420 795 2456 et
804 2417 902 2457 incendit:
918 2422 965 2457 stra-

189 2489 233 2528 gem
243 2473 328 2526 nndique
338 2473 390 2514 edit:
406 2487 451 2513 rnox
459 2473 481 2512 in
491 2471 572 2513 chrici
581 2471 726 2512 tabernaculum
733 2471 795 2520 irruit,
803 2471 841 2525 qnb
851 2472 908 2511 etiam
917 2471 966 2525 regii

188 2529 258 2570 milites
268 2530 392 2570 semisomnes
401 2527 471 2582 paridi,
482 2531 502 2569 et
515 2528 598 2568 inermes
608 2541 632 2566 ex
645 2526 725 2567 aliorum
736 2525 903 2567 tabernaculorum
912 2525 966 2566 clade

187 2588 319 2639 pervenerant.
349 2583 389 2624 Hic
404 2586 458 2624 atrox
471 2596 537 2636 pugna
552 2582 684 2623 committitur.
714 2580 787 2634 incipit
803 2580 901 2621 Henricus
920 2594 964 2621 suos

187 2640 286 2690 consolari,
297 2640 416 2688 confirmare,
425 2638 487 2690 adque
497 2651 517 2677 se
526 2636 615 2686 tuendos,
624 2640 643 2676 et
653 2636 748 2676 sociorum
757 2650 825 2676 necem
834 2635 964 2676 ulciscendam

187 2695 265 2744 hortari,
280 2695 342 2735 hostis
358 2695 453 2746 impetum
469 2692 571 2733 fortissime
589 2690 698 2732 dimicando
717 2690 817 2740 sustinere,
831 2689 963 2732 laborantibus

187 2749 294 2791 subsidium
300 2750 363 2799 ferre;
378 2748 502 2789 O’Docharta
510 2752 577 2788 contra
587 2761 632 2787 suos
639 2745 700 2788 crebis
707 2744 872 2785 exhortationibus
882 2745 906 2786 ad
915 2759 963 2799 prae-

186 2806 272 2854 liandum
282 2803 390 2854 accendere,
401 2803 475 2858 paridis
486 2802 554 2843 addere
563 2807 661 2851 terrorem,
672 2800 696 2840 ad
706 2800 821 2848 Hernicum,
832 2800 886 2853 cnjus
896 2815 963 2842 vocem

188 2860 316 2902 confirmantis
327 2859 421 2908 audiebat,
432 2859 526 2899 accedere.
557 2857 654 2898 Henrious
664 2856 704 2897 suis
712 2855 755 2896 loco
770 2854 882 2896 cedentibus
892 2856 962 2898 Catho-

276 2990 284 3004 ’
296 2987 409 3026 Kinnaueer,
418 2987 436 3020 in
444 2987 474 3020 tha
483 2987 537 3019 north
547 2985 568 3019 of
578 2985 607 3019 tlrc
616 2984 675 3028 parislr
684 2983 705 3016 of
716 2981 859 3018 Kilmacrennau.
