2237 3535
205 392 231 432 to
346 391 478 432 0’sunrnvnrr
493 401 594 429 nrsrouna
609 402 734 439 cnrrronrcn,
749 403 797 430 ron.
808 404 831 430 rr.
886 390 936 443 [ans.
951 403 975 430 rr.

208 479 251 553 1111
269 504 298 541 cst
316 500 368 554 apud
382 499 443 539 bonos
458 511 523 550 parvae
540 497 667 546 authoritatis,
684 497 753 538 litteris
772 501 876 549 mandavit,
893 500 975 541 iberniae

207 555 352 596 Parlamentum
362 567 412 594 anno
423 553 476 592 1511
494 552 618 601 consensisse,
629 557 651 592 ut
667 552 765 593 Henricus
774 553 858 595 ibernia
867 570 900 595 rex
910 555 975 610 appel-

204 610 283 651 laretur.
315 608 370 649 Unde
379 612 471 660 sequente
481 621 533 648 anno
550 607 575 647 X.
586 607 684 648 Kalendas
693 606 808 648 Februarias
818 610 879 649 edicto
889 610 975 663 promul-

205 669 250 719 gato
260 664 356 704 Heuricus
367 677 386 702 se
396 662 479 703 iberniae
489 662 562 716 Regem
571 663 679 703 renunciari
687 662 793 716 imperarit,
804 676 843 703 non
857 665 975 705 animadver-

152 737 197 779 [cpp
205 725 253 768 tens,
264 718 322 771 quam
331 716 403 771 injuste
412 718 433 758 id
448 717 514 757 fecerit
528 717 594 757 multis
604 718 628 758 de
638 718 712 758 causis:
727 717 779 771 quod
791 716 824 758 illa
835 719 843 769 11
855 718 939 769 donatio,
954 721 975 759 in

204 775 241 827 qua
251 773 303 813 fraus
312 774 380 822 iuerat,
391 787 434 826 quae
443 775 497 812 metu
511 772 549 812 fuit
564 772 620 820 facta,
634 772 692 812 fuerit
701 772 789 821 invalida,
801 776 820 813 et
833 773 912 822 inutilis,
923 774 976 826 qubd

202 829 231 868 illi
246 827 285 868 duo
303 829 397 882 primores
411 827 478 867 iberni
492 840 534 867 non
549 828 648 880 potuerint
665 827 739 868 etiamsi
753 827 831 877 1111111,
841 828 895 881 regni
906 828 940 880 jus
954 829 975 868 in

202 883 261 924 alium
270 884 379 932 transferre,
390 882 435 922 cirm
449 881 488 935 ipsi
503 896 544 922 non
559 881 603 935 plus
618 882 674 935 juris,
685 883 743 935 quam
752 882 785 923 aiii
794 883 851 923 multi
859 882 973 923 habuerint:

200 952 236 978 nec
251 938 309 979 etiam
326 940 424 991 magnates
440 941 520 990 possent
539 936 622 977 Iberniae
641 936 716 990 Regem
734 941 836 978 externum
854 951 916 978 creare
934 938 974 977 sine

199 993 268 1046 populi
285 1007 385 1041 consensu,
397 996 416 1032 et
432 992 513 1032 forsitan
529 992 598 1032 summi
614 992 714 1032 Pontificis
730 993 852 1033 authoritate.
869 992 973 1033 DeParla-

199 1052 265 1088 mento
275 1048 324 1088 nihil
341 1051 370 1088 est
385 1047 432 1100 quid
449 1047 524 1087 dicam:
540 1061 585 1087 nam
600 1051 681 1096 constat,
692 1048 756 1087 omnia
766 1047 887 1088 Parlamenta
897 1048 973 1100 Regum

198 1103 276 1156 Angliae
285 1103 365 1157 imperio
375 1102 396 1142 in
403 1102 481 1142 ibernia
490 1105 594 1142 convocata
603 1116 644 1142 esse
654 1102 732 1143 omnino
742 1103 824 1152 infirma,
832 1103 876 1142 cum
885 1102 923 1143 illis
933 1118 973 1143 non

199 1158 290 1198 intersint
299 1162 373 1198 veteres
383 1156 449 1197 Iberui
459 1156 583 1210 optimates.l

225 1212 365 1261 Nihilominus,
385 1225 440 1265 quasi
455 1213 497 1266 jam
506 1226 546 1252 non
555 1210 644 1252 saeculare
653 1213 761 1265 imperium,
771 1211 805 1252 sed
819 1214 876 1253 etiam
889 1212 973 1253 Ecclesi-

197 1268 285 1316 asticum,
303 1272 323 1308 et
337 1281 413 1308 sacrum
427 1268 459 1321 jus
475 1266 625 1321 adquissivisset,
641 1270 660 1306 et
678 1268 699 1306 in
714 1267 791 1307 ibernia
807 1267 898 1308 Ecclesia
907 1273 972 1321 caput,

196 1326 254 1375 atque
270 1322 363 1375 Princeps
379 1322 434 1372 foret,
445 1336 479 1375 per
488 1321 586 1362 Iberniam
595 1335 672 1375 quoque
681 1325 742 1362 totam
751 1336 792 1362 non
802 1323 862 1372 aliter,
871 1322 929 1375 quam
938 1338 972 1377 per

198 1377 296 1431 Angliam,
313 1378 375 1418 voluit
394 1377 537 1417 Ecclesiasticas
555 1377 686 1417 immunitates
703 1376 802 1430 frangere:
824 1378 931 1418 sacerdotes
948 1378 972 1418 de

196 1433 260 1472 medio
270 1431 337 1473 tollere
347 1450 351 1473 :
367 1431 488 1486 Religionem
498 1431 626 1472 Christianam
635 1446 714 1486 prorsus
723 1433 836 1485 extinguere
846 1450 850 1473 ε
866 1447 918 1473 sacra
927 1448 972 1487 pro-

196 1487 279 1540 fanaque
286 1488 371 1528 miscere.
389 1487 453 1541 11111
463 1492 528 1527 mente
538 1501 578 1527 non
587 1486 743 1527 abhorruitfilius
754 1487 795 1540 ejus
803 1488 921 1528 adulterinus
931 1489 971 1529 Ed-

197 1542 273 1592 nardus,
284 1543 340 1596 cujus
349 1546 442 1592 tutorum,
462 1545 482 1582 11
497 1542 575 1595 Anglici
590 1543 664 1582 consilii
679 1543 768 1582 insanum
785 1543 886 1583 consilium
901 1549 972 1584 cuncta

196 1601 269 1646 sancta,
289 1602 309 1637 11
328 1611 380 1638 sacra
399 1596 502 1637 evertebat.
530 1597 569 1637 Eas
578 1600 643 1637 tamen
652 1597 777 1649 cogitationes
791 1599 881 1651 repressit
890 1597 972 1639 Henrici

193 1650 280 1705 legitima
298 1652 338 1692 iilia
353 1652 416 1691 Maria
435 1651 596 1692 Christianissima
611 1652 692 1705 Regina,
713 1666 755 1705 quae
764 1657 809 1705 post
822 1653 886 1693 fratris
896 1652 970 1693 obitum

192 1706 284 1760 Philippo
303 1707 340 1756 IL,
358 1706 497 1759 Hispaniarum
513 1706 598 1760 Principi
614 1707 735 1747 matrimonio
753 1707 844 1749 collocata
860 1707 913 1748 brevi
927 1722 970 1761 reg-

192 1762 253 1811 narit,
270 1762 311 1801 1111
322 1761 413 1802 defuncta
422 1775 473 1801 anuo
485 1761 630 1811 1151111110
641 1762 722 1815 septimo
737 1762 767 1801 die
777 1761 892 1803 Novembris
909 1777 970 1803 annos

193 1820 239 1857 nata
260 1817 386 1870 quadraginta
411 1823 455 1856 tres.
485 1815 534 1856 Post
550 1816 605 1869 cujus
622 1817 722 1856 interitum
740 1816 853 1858 Rlizahetha
867 1832 921 1858 soror
946 1833 969 1858 11

191 1872 251 1912 Anna
257 1871 332 1912 Bolent
341 1875 386 1911 nata
395 1886 445 1911 anno
456 1874 547 1923 sequente
556 1872 668 1912 renunciata
678 1873 743 1924 regina
753 1871 827 1912 decimo
844 1876 897 1912 serto
907 1872 968 1913 111111-

194 1927 229 1967 arii
238 1931 342 1980 paternum
351 1926 461 1966 incendium
476 1925 557 1966 11111111
565 1926 641 1979 Regina
648 1927 754 1966 extinctum
764 1930 784 1966 et
794 1928 890 1981 sepultum
898 1929 969 1968 excitat

193 1986 212 2022 et
221 1985 288 2034 auget.
321 1980 387 2034 Hujus
398 1980 535 2021 ardentissimae
548 1981 616 2022 faculae
629 1982 685 2035 jussu
697 1986 741 2034 post
749 1982 853 2023 extinctam
867 1997 933 2023 rursus
947 1984 968 2023 in

193 2037 272 2090 anglia
286 2036 395 2077 Ecclesiam
412 2035 530 2076 Catholicam
545 2037 567 2076 in
581 2035 660 2077 ibernia
670 2049 747 2090 quoque
766 2038 875 2090 Anglorum
891 2038 968 2078 haeresis

192 2095 295 2144 grassatur.
325 2091 351 2131 Iu
370 2090 488 2131 Elizabethae
498 2091 522 2130 ad
532 2105 597 2131 orcum
606 2096 666 2145 raptae
682 2092 747 2131 locum
757 2092 860 2132 accitusin
875 2093 968 2145 Angliam

192 2146 500 2189 JacobusSteeuvardusScotiae
515 2160 548 2185 rex
567 2160 618 2186 anno
638 2148 689 2185 1603
718 2147 827 2186 haereticam
847 2148 967 2200 tyrannidem

190 2202 246 2242 novis
256 2201 363 2242 atrocitatis
382 2201 474 2255 exemplis
491 2201 545 2240 auxit
562 2205 581 2240 et
590 2200 718 2254 amplificavit.
748 2200 837 2244 Quorum
846 2202 967 2243 truculentiae

189 2257 231 2298 haec
241 2271 316 2297 summa
323 2256 411 2310 quaedam
418 2261 452 2297 est.

456 2373 700 2381 ψ

524 2440 581 2480 CAP.
597 2438 635 2478 IV.

373 2535 465 2569 Generalis
474 2537 569 2580 tyrannicae
577 2534 706 2581 persecutionis
713 2535 781 2569 relatio.

189 2617 301 2658 1111111111
310 2617 405 2671 principio
415 2617 438 2657 ab
446 2616 517 2670 Anglis
527 2617 568 2657 haec
578 2616 649 2656 scelera
658 2616 811 2659 committuntur.
840 2619 928 2659 Christus
935 2634 963 2659 rea

190 2672 278 2725 demptcr
284 2673 305 2713 in
316 2673 373 2713 Sacro
381 2677 446 2713 sancto
461 2672 589 2712 Eucharistiae
594 2673 713 2710 sacramento
722 2672 798 2713 realiter
807 2687 890 2726 praesens
900 2688 924 2714 ex
934 2689 964 2714 ec-

189 2727 258 2776 clesiis,
269 2732 289 2767 et
294 2728 350 2781 vulgi
357 2731 460 2780 conspectu
469 2727 577 2779 depellitur.
606 2725 655 2765 Mox
663 2739 719 2766 sacrae
726 2727 819 2781 imagines
829 2729 963 2770 dilacerantur,

190 2781 216 2822 In
235 2783 342 2824 sacerdotes
361 2783 467 2836 tyrannidis
487 2782 574 2835 erempla
587 2780 677 2820 eduntur.
706 2780 731 2822 in
740 2798 796 2823 omne
810 2799 871 2837 genus
878 2783 963 2826 Catholi-

189 2850 257 2877 corum
266 2839 349 2879 saevitur.
376 2837 457 2891 Templa
464 2851 558 2890 equorum
569 2834 650 2884 stabula,
660 2835 691 2876 vel
696 2838 775 2890 profana
781 2838 851 2892 palatia
860 2838 962 2880 habentur.

188 2891 324 2933 Ecclesiastica
347 2893 447 2946 vectigalia
477 2890 627 2932 sceleratissimis
648 2890 737 2933 haeriticis
757 2893 907 2947 adjudicanturj
931 2910 961 2936 res
987 2891 990 2894 ¹

185 2960 255 2997 omues
275 2947 336 2988 cultui
355 2947 419 2987 divino
429 2951 546 2999 nuncupatae
556 2949 658 2986 vertuntur
667 2947 686 2986 in
699 2949 788 3000 profanos
798 2963 845 2989 usus
855 2966 860 2990 z
875 2951 961 2992 sacerdo-

384 3030 391 3045 *
406 3029 484 3062 Contra:
498 3029 530 3063 See
539 3028 608 3067 Macro,
617 3029 651 3063 vol.
660 3029 684 3063 iii.
693 3041 709 3073 p.
718 3034 757 3065 316.
