2237 3535
241 403 267 440 26
382 403 516 444 o'sunnuraur
530 414 630 442 rrrsrourn
645 413 846 452 connumeraretur.
938 400 988 453 [run.
999 413 1014 438 1,

239 512 416 553 nomeninvocavi.
446 512 492 557 Quo
508 512 545 552 fuit
561 515 614 551 totus
631 509 683 564 ignis
699 511 802 562 extinctus,
813 512 884 553 diaboli
895 512 982 565 plerique
991 510 1011 549 iu

237 566 311 608 diversa
327 568 413 621 dissipati
423 581 443 607 se
452 569 504 621 fugae
513 567 634 608 mandarunt.
662 564 706 618 Ego
715 566 798 608 vinculis
807 568 871 609 fractis
880 567 951 608 illaesus
961 566 1012 605 evasi

237 636 260 669 eo
270 623 348 676 quidem
357 624 379 663 in
392 623 466 675 reliqna
473 627 541 663 eventa
547 621 653 670 audentior,
664 619 713 673 qued
729 621 792 674 primo
807 637 910 677 congressu
920 622 962 663 sine
971 620 1011 661 ullo

236 679 325 730 negocio,
335 678 413 718 nomine
422 678 502 718 Domini
511 678 575 717 hostes
585 674 730 729 profligaverirn.

265 732 282 773 I.
298 733 383 773 Gaurus
399 730 703 773 annonarum-Nihilominus
713 743 753 770 non
767 732 826 784 pauci
844 747 909 774 manes
928 733 950 773 in
967 733 1010 773 uult

236 792 354 837 manserunt,
366 788 399 841 qui
408 801 439 827 me
448 786 493 826 inde
498 789 604 839 rapuerunt
613 799 646 838 per
653 786 689 825 iter
698 784 786 838 longum,
796 787 885 841 vepribus
895 792 914 828 et
924 787 1010 829 sentibus

235 843 368 895 asperrimum,
378 841 506 889 tenebrosum,
522 839 610 892 malignis
626 838 725 894 spiritibus
734 840 832 891 refertum,
843 846 862 883 et
871 843 963 884 infestum
977 843 1010 884 ad-

235 911 290 942 uerso
300 903 357 938 vento
367 903 406 937 tam
423 896 491 936 acriter
505 895 590 944 inflante,
605 898 629 934 ut
645 895 693 935 mihi
710 894 788 947 quidem
799 910 857 937 usum
866 898 942 938 aurium
951 899 1009 939 111151-

235 952 303 1005 oipere,
312 964 418 1005 corpusque
424 953 524 1003 penetrare
531 949 635 990 videretur.
652 949 701 990 cum
709 950 732 990 ad
743 950 788 990 solis
796 965 884 993 exorsum
894 968 960 994 versus
969 968 1009 994 non
1031 962 1032 965 ’

233 1021 302 1059 parum
311 1006 477 1059 processissemus,
486 1004 539 1045 unde
554 1019 595 1045 non
609 1004 678 1058 procul
687 1004 753 1045 abesse
770 1005 822 1047 orbis
831 1012 938 1048 extremum
952 1013 1008 1063 puta-

234 1062 289 1101 bam:
306 1060 410 1113 querrellac,
421 1060 511 1113 gemitus,
522 1064 579 1113 atque
595 1060 653 1100 fletus
670 1074 694 1100 511
706 1060 798 1113 proximis
808 1061 855 1102 15515
872 1062 951 1103 auribus
961 1064 1008 1104 meis

233 1116 353 1168 obstrepunt.
382 1115 442 1169 Cujus
452 1115 480 1155 rei
490 1129 566 1155 oausam
581 1128 626 1155 cum
640 1115 729 1169 proprius
741 1117 870 1168 pervenissem
886 1131 929 1158 sum
939 1118 1008 1159 clarius

232 1175 327 1223 expertus,
344 1169 464 1211 lamentabili
480 1174 499 1210 et
516 1170 637 1210 maestissimo
654 1171 762 1223 spectaculo
776 1170 800 1211 ob
818 1170 883 1211 oculos
901 1174 1012 1226 proposito:

231 1225 322 1279 Namque
330 1226 412 1279 ingressi
427 1239 494 1265 sumus
511 1225 602 1265 diffusum
618 1230 676 1279 atque
690 1225 844 1279 patentissimum
853 1240 943 1279 campum
952 1229 1008 1282 cujus

230 1281 301 1321 limites
311 1281 390 1321 videndi
397 1281 437 1321 acie
446 1281 555 1334 pertingere
564 1295 604 1321 non
614 1285 705 1334 poteram,
715 1284 780 1321 totum
788 1280 877 1321 incendio
886 1282 1006 1335 fiagrantem,

231 1340 295 1376 toturn
318 1337 405 1376 virorum
420 1340 439 1376 et
462 1336 583 1376 faeminarum
596 1336 654 1376 variis
678 1335 822 1376 conditionibus
845 1337 1005 1390 copiosissimum.

231 1390 309 1431 Horum
319 1391 402 1445 ploratu,
418 1390 514 1439 lamentis,
531 1390 618 1431 dentium
635 1391 719 1440 studore,
734 1391 844 1445 planctibus
853 1390 907 1435 locus
916 1392 949 1432 ille
963 1407 1006 1446 per-

232 1446 319 1487 sonabat.
347 1446 391 1486 Neo
401 1446 472 1486 1111111111
479 1464 485 1496 ;
501 1445 589 1500 jacebant
605 1446 655 1486 enim
671 1446 731 1495 humi,
748 1446 805 1499 proni
820 1450 840 1486 51
848 1447 902 1487 nudi.
931 1447 1006 1488 Eorum

231 1501 290 1554 pedes
300 1505 358 1554 atque
368 1515 442 1551 manus,
452 1502 519 1541 ferreis
529 1501 592 1550 clavis,
604 1500 730 1541 candentibus
745 1502 826 1541 torrenti
835 1508 890 1541 terrae
899 1502 1005 1556 infigeban-

178 1553 223 1605 {th
231 1558 287 1609 1111111
304 1557 366 1597 dorsis
375 1556 475 1597 horribiles
485 1556 529 1596 visu
538 1556 629 1596 dracones
642 1556 757 1605 insidebant,
768 1555 914 1597 succubentium
924 1559 1005 1599 cervices

231 1612 296 1651 hiante
315 1625 354 1661 ore,
379 1610 508 1664 dentibusque
526 1611 643 1651 laniantibus
662 1610 757 1651 rodentes.
795 1611 879 1664 Agmina
897 1612 1005 1666 frequentia

229 1666 356 1707 Diabolorrun
363 1665 436 1707 solicite
442 1666 507 1706 locum
514 1665 628 1715 lustrabant,
639 1666 717 1706 afflictos
727 1665 784 1706 soevis
789 1666 899 1707 verberibus
905 1668 1003 1717 credentia,

229 1722 339 1774 eisdemque
348 1722 450 1775 prasentia
460 1725 479 1761 et
496 1721 579 1773 strepitu
587 1735 678 1774 pavorem
687 1720 807 1762 incutientia.
836 1721 867 1762 Ob
877 1722 930 1775 quod
939 1724 1004 1764 miseri

228 1777 260 1816 alii
270 1791 326 1817 voces
342 1776 363 1817 111
379 1776 449 1816 athera
465 1775 610 1816 diffundebant:
625 1776 658 1816 alii
673 1789 712 1828 prae
729 1775 794 1816 dolore
811 1776 873 1817 solum
882 1777 1002 1819 mordebant.

227 1830 385 1872 Easdem'etiam
400 1845 466 1885 paenas
483 1830 506 1870 de
523 1845 553 1870 me
570 1844 651 1879 sumere,
668 1830 706 1870 nisi
720 1834 824 1872 reverterer
839 1831 910 1872 diaboli
924 1833 1003 1874 fuerunt

227 1887 316 1926 minitati.
346 1886 395 1926 (lum
404 1900 450 1926 vero
460 1899 491 1926 me
501 1885 558 1925 clavis
567 1886 633 1926 fodere
642 1889 754 1935 tentassent,
764 1885 794 1926 1111
804 1886 893 1926 defensus
902 1886 936 1929 illa
945 1889 1003 1929 rerba

226 1941 336 1995 repetendo,
347 1945 360 1963 “
368 1941 382 1981 J
382 1955 416 1982 esu
425 1941 504 1990 Christi,
514 1940 542 1980 fili
550 1940 589 1981 Dei
598 1941 637 1981 vivi
646 1940 734 1981 miserere
744 1941 783 1981 mei
791 1942 918 1994 peccatoris.'’

254 1997 282 2037 Π.
299 1997 383 2037 carnos
402 1996 630 2037 dauernoun-Hinc
644 1996 673 2036 rui
694 1996 768 2036 delatus
787 1996 808 2036 in
827 1996 886 2037 alium
905 2011 1001 2051 campum,

226 2052 280 2105 cujus
287 2052 417 2102 latitudinem,
424 2052 502 2105 quidem
510 2051 610 2091 oculorum
615 2052 690 2091 intuitu
695 2051 888 2104 comprehendebam,
894 2051 1001 2106 longitudi-

224 2121 269 2147 nem
278 2111 344 2148 tamen
360 2122 406 2156 non,
416 2106 495 2160 ignibus
512 2107 568 2146 etiam
584 2106 686 2155 torridum,
695 2106 866 2146 innumerabilium
879 2121 930 2160 pene
939 2108 1001 2149 homi-

224 2176 271 2201 num
282 2177 305 2202 err
315 2163 372 2202 variis
389 2161 479 2215 gentibus
496 2161 581 2215 plenum,
599 2161 634 2213 qui
651 2161 708 2201 sicuti
723 2161 796 2214 priores
812 2162 877 2202 11151111
891 2161 933 2202 solo
943 2163 1000 2204 clavis

223 2217 398 2271 adstringebantur.
433 2217 517 2270 Insuper
534 2216 566 2256 alii
588 2216 625 2256 alio
651 2216 746 2256 cruciatus
769 2230 838 2269 genere
857 2217 909 2257 torti.
948 2218 1001 2259 Nam

223 2273 304 2312 aliorum
320 2273 394 2313 viscera
409 2271 547 2326 pungebantur
562 2270 646 2311 aculeis:
662 2270 703 2311 aliis
719 2270 828 2310 faedissimae
844 2272 888 2311 visu
902 2278 1000 2326 serpentes

223 2327 266 2367 colli
282 2343 341 2369 venas
357 2332 376 2369 et
393 2328 471 2367 arterias
481 2325 600 2374 scindebant,
619 2325 699 2366 aliorum
713 2329 791 2378 pectora
807 2325 889 2376 lacerta,
904 2327 1000 2382 talpaeque

222 2383 310 2424 ardentes
320 2384 380 2437 longo
391 2386 410 2422 et
419 2386 475 2422 acuto
492 2385 554 2421 rostro
571 2380 677 2429 fodiebant,
688 2380 784 2433 cordaque
792 2395 826 2434 per
835 2381 920 2422 lacerum
930 2397 999 2437 corpus

222 2438 360 2480 extrahebant:
377 2438 472 2478 daemonia
492 2450 557 2476 omncs
573 2435 702 2489 flagellabant.
732 2434 797 2479 Quare
815 2440 855 2477 tam
874 2450 957 2491 magnus
978 2454 999 2479 ao

221 2493 309 2534 funestus
325 2497 366 2534 erat
382 2494 496 2533 miserorum
511 2491 581 2541 luctus,
600 2505 657 2544 quam
673 2494 737 2531 mente
753 2494 818 2544 potest
837 2492 917 2545 concipi.
948 2493 999 2534 Mihi

222 2560 287 2589 manes
297 2550 397 2603 optionem
414 2548 495 2596 faciunt,
505 2550 570 2587 utrum
580 2547 622 2587 haec
632 2549 717 2586 extrema
732 2546 787 2595 ferre,
804 2549 837 2586 aut
846 2546 908 2586 redire
917 2548 999 2589 malim?

221 2602 254 2642 Ad
263 2604 314 2656 quod
324 2619 360 2658 ego
370 2618 435 2657 presso
452 2618 485 2644 ore
501 2601 600 2642 obmutui:
616 2614 698 2654 cumque
715 2600 744 2640 illi
757 2615 788 2641 me
797 2601 891 2654 supplicio
900 2602 997 2644 machina-

221 2660 287 2698 rentur
303 2659 379 2709 afficire,
397 2662 469 2700 conatu
483 2658 561 2699 bierunt
576 2656 652 2710 dejecti,
668 2669 698 2696 me
715 2655 764 2696 Jesu
780 2670 851 2697 nomen
867 2656 924 2698 solito
944 2672 997 2700 more

220 2712 334 2765 proferente.

249 2766 290 2807 ΠΙ.
305 2768 409 2810 Donouurr
430 2768 589 2810 Gaurus-Fui
607 2766 677 2806 ductus
693 2765 715 2805 in
733 2765 793 2806 alium
812 2780 901 2820 campum
920 2768 996 2810 misena

220 2820 355 2875 doloribusque
365 2824 523 2865 hmestissimum.
552 2824 600 2865 urar
615 2821 644 2861 ibi
659 2834 681 2861 ea
696 2821 797 2861 hominum
813 2823 873 2874 copia,
889 2836 932 2875 quae
941 2824 995 2865 nullo

218 2880 285 2917 nostro
303 2878 374 2918 calculo
384 2881 480 2920 numerari
495 2884 565 2933 potest.
595 2877 669 2917 Omnes
684 2876 738 2917 humi
750 2878 841 2930 prostrati
856 2877 923 2930 ignitis
937 2878 995 2921 clavis
1055 2888 1057 2891 '

217 2946 252 2985 per
261 2935 325 2973 totum
335 2947 403 2986 corpus
418 2934 566 2987 trajiciebantur,
581 2946 649 2973 vocem
662 2943 745 2981 raucam,
755 2931 881 2985 faucibusque
890 2933 994 2976 haerentem

217 2988 308 3029 edentes:
325 2988 486 3041 quemadmodum
501 2990 515 3030 ii
533 2990 594 3030 facere
610 2987 678 3037 solent,
696 2987 730 3040 qui
746 2986 815 3028 ultimo
830 2989 896 3029 mortis
911 2991 994 3032 transitu
