2237 3535
214 405 254 445 130
348 406 482 445 c’sumsrnm
496 415 600 443 maronia
610 416 736 456 caruomcn,
746 418 793 447 non.
809 418 833 446 11.
894 403 944 457 [mn.
959 416 988 444 rr.

212 519 288 573 vigilias
307 531 381 570 semper
399 515 474 569 agebat,
484 519 504 555 et
521 515 597 568 quoties
607 515 680 569 aliquos
694 517 798 569 venientes,
809 523 843 561 aut
852 521 989 574 praetereuntes

214 574 314 623 sentiebat,
330 573 386 612 illum
405 569 575 624 expergefaciebat.
596 574 615 611 et
623 570 705 625 praeiens
715 571 804 613 adeunda
817 574 860 615 loca
870 571 987 628 explorabat.

214 628 264 670 Cum
274 643 317 669 vero
333 625 404 667 Daniel
417 626 572 667 incolumitatem
586 626 654 667 luisset
668 629 773 677 assecutus,
787 629 877 670 Thadeus
893 627 988 683 sylvestris

214 684 271 724 homo
281 684 302 723 in
310 696 354 722 eum
368 680 418 722 male
428 682 530 731 animatus,
541 695 608 722 canem
617 680 665 722 nihil
674 680 720 721 mali
726 682 829 723 facientem
835 684 885 724 ferro
896 682 988 732 confodit,

213 739 268 791 cujus
278 736 391 791 nequissimi
408 736 456 777 facti
463 737 530 789 dignas
539 751 606 790 poenas
616 737 654 777 cito
670 736 763 790 pependit
776 751 787 777 a
796 736 879 778 Daniele
888 753 912 779 en
921 738 989 779 arbore

213 806 324 846 suspensus.
345 792 379 833 >ld
397 793 461 840 etiam,
479 791 531 844 quod
547 791 606 831 modo
624 791 719 832 relaturus
729 806 778 841 sum,
788 793 897 846 posteritas,
907 806 950 846 quae
964 792 988 832 de

212 847 270 888 rebus
279 848 338 901 hujus
348 848 384 888 aevi
398 847 462 887 animo
469 845 536 895 libero,
546 850 566 886 et
576 861 588 886 a
597 846 773 899 perturbationibus
783 847 845 888 alieno
850 847 951 900 judicabit,
966 847 988 887 in

212 903 338 951 crudelitatis
358 906 378 943 et
396 903 454 942 etiam
473 901 618 955 ingratitudinis
625 902 712 955 exempla
720 903 784 943 forsan
794 902 869 943 referet.
898 902 988 942 Donatus

213 957 259 998 Mac
269 958 342 998 Crahus
352 960 486 1011 cognomento,
501 956 673 1005 Niveus‚Ibernus
683 957 712 997 vir
719 957 770 1011 apud
777 957 880 1011 populares
890 970 935 996 suos
947 957 988 997 fru-

147 1017 204 1062 [105.]
212 1013 310 1065 guhtate,tl
322 1015 341 1052 et
350 1012 464 1053 liberalitate
473 1011 586 1051 notissimus
601 1011 744 1052 Momoniarurn
754 1012 844 1066 praefecto
854 1011 919 1064 Anglo
929 1024 988 1065 quem

211 1068 298 1122 hospicio
309 1072 413 1121 accepera-t,
430 1081 471 1107 non
486 1066 544 1107 inodo
555 1067 636 1116 lautum,
654 1066 868 1121 splendidissimumque
878 1066 989 1107 convivium

210 1123 310 1172 instruxit,
320 1123 354 1163 sed
360 1122 418 1163 etiam
424 1121 539 1162 domesticos
549 1135 594 1162 suos
602 1122 685 1163 ohoraeas
695 1126 754 1176 atque
763 1122 820 1162 ludos
826 1122 915 1162 exhibere
920 1121 986 1175 jussit.

210 1178 281 1219 Paucis
301 1178 346 1218 inde
366 1177 435 1218 diebus
449 1176 552 1230 praefectus
562 1177 658 1230 hospitem
668 1177 784 1217 Corehacam
795 1177 909 1217 accersitum
916 1176 986 1216 ultimo

209 1233 305 1286 supplicio
324 1233 398 1273 afficere
417 1232 523 1285 imperavit,
544 1236 632 1273 causatus
642 1232 683 1272 uiro
695 1232 763 1285 probo,
773 1231 870 1285 ethngali
879 1246 918 1272 non
927 1231 987 1271 luisse

209 1288 337 1329 substantiam
356 1287 430 1328 alendae
446 1290 505 1328 tantae
515 1287 593 1327 familiae
606 1301 677 1341 parem,
691 1290 750 1341 atque
766 1287 814 1328 adeo
823 1291 854 1327 tot
864 1286 986 1335 domesticos,

208 1357 249 1384 non
255 1344 293 1384 nisi
302 1343 365 1392 furtis,
372 1342 451 1396 rapinis,
459 1345 478 1382 et
484 1341 526 1382 aliis
534 1342 608 1383 artibus
615 1342 679 1383 vetitis
688 1342 749 1396 (quod
756 1342 810 1383 nullo
818 1341 876 1383 modo
883 1340 988 1395 probatum

209 1398 246 1451 est)
258 1398 282 1439 ab
292 1412 314 1438 eo
324 1398 350 1438 ali
358 1397 436 1438 necesse
443 1397 523 1438 fnisset

520 1642 579 1683 CAP.
595 1643 678 1684 ΧΧΙΠ.

347 1748 403 1794 Angli
412 1750 509 1784 discordias
518 1751 625 1785 Ibernorum
630 1753 736 1797 optimatum
744 1753 849 1787 accendunt.

208 1846 241 1886 En
256 1847 301 1887 verb
318 1861 359 1889 non
378 1850 458 1890 minima
473 1866 518 1905 pars
535 1852 655 1902 calamitatis,
666 1854 705 1906 qud
715 1853 782 1894 misera
792 1853 857 1895 insula
870 1854 940 1894 afflicta
949 1857 986 1903 est,

208 1905 261 1963 crat,
277 1903 329 1955 qnod
345 1904 382 1957 ipsi
392 1906 485 1958 primores
494 1906 567 1957 Iberni,
579 1907 608 1948 alii
624 1908 671 1949 ahos
676 1908 823 1963 impugnabant,
835 1923 938 1962 eorumque
946 1910 985 1949 dis-

207 1957 283 1997 cordias
293 1958 354 2011 Angli
368 1973 427 2012 penes
438 1973 485 2013 quos
492 1965 532 2002 erat
547 1963 741 2004 administrandarum
750 1979 814 2005 rerum
825 1964 985 2018 gubernaculum,

205 2026 247 2073 non
256 2013 314 2074 modo
324 2028 365 2054 non
370 2014 491 2065 inhibebant,
503 2017 535 2057 sed
544 2018 609 2070 potius
619 2019 716 2072 augebant
726 2023 745 2059 et
755 2018 890 2069 accendebant,
901 2022 924 2059 ut
933 2034 985 2073 saepe

205 2081 245 2119 pam
252 2067 342 2118 vidimus,
361 2073 380 2110 et
389 2084 442 2111 nunc
460 2083 537 2125 quoque
548 2073 642 2113 constabit
650 2074 748 2128 aliquibus
757 2075 850 2127 exemplis
860 2087 903 2127 qua
909 2079 984 2127 tempo-

205 2135 250 2162 rum
260 2123 326 2164 ordine
336 2124 368 2165 hic
373 2126 441 2166 referri
451 2125 529 2166 debent.

233 2176 289 2234 Inter
308 2179 420 2221 Terentium
440 2180 546 2222 O’Nellum
556 2182 662 2236 prinoipem
671 2183 754 2233 Tironae,
764 2187 784 2224 et
794 2184 900 2236 Hugonem
910 2183 984 2225 O'Nel-

204 2231 246 2273 lum
257 2233 290 2286 qui
301 2238 368 2286 postea
383 2250 466 2290 magnus
485 2238 634 2291 cognominatus
643 2242 678 2287 est,
689 2238 828 2290 Dunganninae
837 2237 928 2280 baronem
938 2239 984 2279 Far-

206 2287 273 2328 dorchi
291 2288 359 2338 filium,
378 2305 450 2344 magna
459 2295 500 2332 erat
509 2293 639 2333 controversia
654 2293 677 2332 de
686 2293 762 2334 Tironae
771 2294 886 2347 principatu,
897 2294 932 2348 qni
941 2299 983 2335 tan-

205 2346 248 2392 tum
267 2342 329 2384 abfuit
343 2349 365 2385 ut
381 2361 392 2386 a
409 2347 475 2400 reginali
491 2346 543 2388 bello
558 2348 710 2401 prohiberentur,
720 2349 817 2402 utpotius
826 2349 903 2402 utrique
913 2350 986 2403 regina

205 2398 266 2451 copiae
276 2398 300 2438 acl
319 2400 426 2453 gerendum
444 2401 517 2443 bellum
526 2403 599 2443 luerint
608 2403 764 2443 subministratae.
792 2404 825 2444 Ad
833 2404 897 2445 locum
907 2405 939 2445 cui
949 2419 984 2445 no-

205 2466 249 2493 men
260 2458 295 2502 est,
304 2454 370 2508 Rupes
380 2470 428 2497 cana
438 2456 655 2512 (Carraigliath)†baro
661 2472 706 2498 oum
713 2457 787 2498 dnobus
793 2459 879 2501 millibus
885 2459 984 2509 millitum,

226 2584 234 2600 ⁸
247 2582 336 2618 Hibernia
344 2585 418 2628 Pacata,
428 2586 462 2619 vol.
471 2587 490 2620 ii.
500 2599 529 2632 pp.
538 2588 579 2628 257,
588 2590 628 2622 259.

227 2629 237 2670 †
249 2629 299 2662 Ab.
316 2632 366 2664 1588.
375 2631 426 2664 Four
435 2631 518 2672 Mamers,
527 2645 544 2677 p.
557 2636 606 2667 1886.
630 2633 754 2678 Garraiglieth,
762 2647 773 2669 a
784 2635 827 2669 mile
838 2635 893 2669 abere
901 2635 932 2668 the
941 2646 982 2668 con-

204 2673 273 2707 fluence
282 2673 302 2707 of
308 2674 357 2708 Finn
364 2676 400 2709 and
410 2676 491 2717 Maurae,
500 2682 567 2722 county
575 2678 651 2723 Tyrcae.
676 2678 694 2712 It
706 2679 721 2712 is
732 2681 796 2720 stated,
805 2682 824 2714 in
836 2681 867 2714 the
881 2686 893 2702 “
900 2680 981 2714 Govern-

204 2723 254 2758 ment
262 2718 283 2752 of
290 2719 363 2754 Ireland
370 2721 394 2766 hy
403 2721 519 2767 Perrott‚¹¹p.
531 2725 571 2762 112,
579 2723 619 2757 that
624 2723 648 2756 all
656 2722 686 2756 the
692 2725 766 2768 English
775 2726 850 2760 soldiers
858 2725 893 2759 had
901 2726 945 2759 been
953 2737 981 2759 re-

205 2763 263 2796 called
270 2763 317 2797 ficm
325 2765 395 2808 Ulster,
404 2772 465 2811 except
474 2768 524 2802 those
532 2769 577 2812 kept
587 2768 610 2812 by
624 2767 718 2813 Turlough
732 2770 824 2815 Leynagh,
836 2775 854 2804 at
867 2770 893 2804 his
905 2782 945 2804 own
953 2783 981 2804 re-

205 2813 262 2851 quest.
288 2809 327 2844 The
335 2811 378 2852 carl,
386 2823 409 2845 no
418 2812 479 2851 doubt,
494 2813 530 2847 had
538 2824 586 2847 some
600 2812 621 2846 of
632 2813 683 2847 those
697 2814 744 2849 Irish
755 2817 837 2855 soldiers,
850 2816 913 2856 whom,
921 2816 944 2860 by
952 2816 981 2849 his

205 2854 287 2895 previous
295 2856 418 2900 composition,
426 2858 448 2891 he
456 2858 492 2891 had
499 2859 561 2892 bound
566 2858 637 2891 himself
641 2862 660 2891 to
668 2865 747 2904 support,
755 2873 772 2906 p.
782 2864 811 2903 30,
820 2860 863 2894 ibid.
888 2861 916 2894 To
924 2862 981 2901 these,

204 2897 296 2943 probably,
304 2911 338 2934 our
346 2902 412 2935 author
417 2903 480 2937 refers.
506 2903 540 2937 See
548 2903 592 2942 also.
600 2915 618 2947 p.
628 2905 655 2945 32,
663 2903 692 2937 for
700 2906 730 2939 the
738 2907 796 2951 poliey
804 2907 847 2939 here
854 2906 954 2940 attributed
961 2912 981 2940 to

205 2941 236 2974 the
244 2942 327 2986 English.
351 2946 374 2979 ln
384 2949 427 2980 1593
436 2948 465 2981 the
474 2948 521 2981 Earl
527 2949 564 2982 had
572 2948 598 2982 six
606 2950 705 2994 campanies
714 2952 735 2986 of
745 2952 826 2991 soldiers
835 2955 854 2985 at
861 2951 891 2985 the
904 2952 980 2991 Quaen’s

204 2997 245 3031 pay,
252 2989 309 3021 under
316 2989 344 3023 his
352 2993 450 3025 command.
473 2994 514 3035 Coa,
526 3004 544 3037 p.
551 2995 590 3028 403.
