<?xml version="1.0" encoding="UTF-8"?>
<!DOCTYPE html PUBLIC "-//W3C//DTD XHTML 1.0 Transitional//EN"
    "http://www.w3.org/TR/xhtml1/DTD/xhtml1-transitional.dtd">
<html xmlns="http://www.w3.org/1999/xhtml" xml:lang="en" lang="en">
 <head>
  <title>
</title>
<meta http-equiv="Content-Type" content="text/html;charset=utf-8" />
  <meta name='ocr-system' content='tesseract 3.04.00' />
  <meta name='ocr-capabilities' content='ocr_page ocr_carea ocr_par ocr_line ocrx_word'/>
</head>
<body>
  <div class='ocr_page' id='page_1' title='image "MN42000ucmf_1_0049.png"; bbox 0 0 2237 3535; ppageno 0'>
   <div class='ocr_carea' id='block_1_1' title="bbox 125 876 766 940">
    <p class='ocr_par' dir='ltr' id='par_1_1' title="bbox 125 876 766 940">
     <span class='ocr_line' id='line_1_1' title="bbox 125 876 766 940; baseline -0.014 0"><span class='ocrx_word' id='word_1_1' title='bbox 125 877 370 940; x_wconf 72' lang='lat' dir='ltr'>u&#39;PlsToLA</span> <span class='ocrx_word' id='word_1_2' title='bbox 396 876 766 938; x_wconf 80' lang='lat' dir='ltr'>DEDICATORIA.</span> 
     </span>
    </p>
   </div>
   <div class='ocr_carea' id='block_1_2' title="bbox 203 1126 684 1172">
    <p class='ocr_par' dir='ltr' id='par_1_2' title="bbox 203 1126 684 1172">
     <span class='ocr_line' id='line_1_2' title="bbox 203 1126 684 1172; baseline -0.006 0"><span class='ocrx_word' id='word_1_3' title='bbox 203 1130 317 1172; x_wconf 78' lang='lat' dir='ltr'>DOMINO</span> <span class='ocrx_word' id='word_1_4' title='bbox 331 1126 464 1168; x_wconf 84' lang='lat' dir='ltr'>PHILIPPO</span> <span class='ocrx_word' id='word_1_5' title='bbox 479 1126 632 1169; x_wconf 75' lang='lat' dir='ltr'>nusunlnoo</span> <span class='ocrx_word' id='word_1_6' title='bbox 647 1128 684 1169; x_wconf 80' lang='lat' dir='ltr'>IV.</span> 
     </span>
    </p>
   </div>
   <div class='ocr_carea' id='block_1_3' title="bbox 59 1273 830 1371">
    <p class='ocr_par' dir='ltr' id='par_1_3' title="bbox 59 1273 830 1371">
     <span class='ocr_line' id='line_1_3' title="bbox 59 1273 830 1317; baseline -0.014 -5"><span class='ocrx_word' id='word_1_7' title='bbox 59 1281 210 1317; x_wconf 64' lang='lat' dir='ltr'>ursranmnunn</span> <span class='ocrx_word' id='word_1_8' title='bbox 235 1277 349 1312; x_wconf 77' lang='lat' dir='ltr'>INDIARUM,</span> <span class='ocrx_word' id='word_1_9' title='bbox 366 1274 461 1302; x_wconf 69' lang='lat' dir='ltr'>auronum</span> <span class='ocrx_word' id='word_1_10' title='bbox 481 1273 602 1311; x_wconf 81' lang='lat' dir='ltr'>ancnonuur,</span> <span class='ocrx_word' id='word_1_11' title='bbox 624 1275 692 1305; x_wconf 62' lang='lat' dir='ltr'>trouu</span> <span class='ocrx_word' id='word_1_12' title='bbox 714 1274 830 1303; x_wconf 75' lang='lat' dir='ltr'>numanum</span> 
     </span>
     <span class='ocr_line' id='line_1_4' title="bbox 119 1327 766 1371; baseline -0.014 -6"><span class='ocrx_word' id='word_1_13' title='bbox 119 1335 229 1371; x_wconf 80' lang='lat' dir='ltr'>nrurouun,</span> <span class='ocrx_word' id='word_1_14' title='bbox 243 1333 294 1361; x_wconf 81' lang='lat' dir='ltr'>naor</span> <span class='ocrx_word' id='word_1_15' title='bbox 309 1328 423 1358; x_wconf 76' lang='lat' dir='ltr'>carnourco</span> <span class='ocrx_word' id='word_1_16' title='bbox 438 1327 599 1359; x_wconf 68' lang='lat' dir='ltr'>moumcumouu</span> <span class='ocrx_word' id='word_1_17' title='bbox 613 1329 766 1357; x_wconf 81' lang='lat' dir='ltr'>Pouuurrssruo.</span> 
     </span>
    </p>
   </div>
   <div class='ocr_carea' id='block_1_4' title="bbox 422 1429 801 1471">
    <p class='ocr_par' dir='ltr' id='par_1_4' title="bbox 422 1429 801 1471">
     <span class='ocr_line' id='line_1_5' title="bbox 422 1429 801 1471; baseline 0.003 -1"><span class='ocrx_word' id='word_1_18' title='bbox 422 1429 572 1471; x_wconf 79' lang='lat' dir='ltr'>PHILIPPUS</span> <span class='ocrx_word' id='word_1_19' title='bbox 586 1430 801 1471; x_wconf 78' lang='lat' dir='ltr'>O’SULLEVANUS.</span> 
     </span>
    </p>
   </div>
   <div class='ocr_carea' id='block_1_5' title="bbox 47 1547 829 2875">
    <p class='ocr_par' dir='ltr' id='par_1_5' title="bbox 53 1547 829 1874">
     <span class='ocr_line' id='line_1_6' title="bbox 56 1547 829 1602; baseline -0.009 -8"><span class='ocrx_word' id='word_1_20' title='bbox 56 1553 103 1594; x_wconf 90' lang='lat' dir='ltr'>Hoc</span> <span class='ocrx_word' id='word_1_21' title='bbox 118 1565 183 1592; x_wconf 88' lang='lat' dir='ltr'>meum</span> <span class='ocrx_word' id='word_1_22' title='bbox 198 1550 331 1591; x_wconf 86' lang='lat' dir='ltr'>Ibernicarum</span> <span class='ocrx_word' id='word_1_23' title='bbox 347 1562 411 1589; x_wconf 85' lang='lat' dir='ltr'>rerum</span> <span class='ocrx_word' id='word_1_24' title='bbox 426 1547 562 1602; x_wconf 80' lang='lat' dir='ltr'>compendium</span> <span class='ocrx_word' id='word_1_25' title='bbox 582 1547 746 1597; x_wconf 65' lang='lat' dir='ltr'>reanimarem</span> <span class='ocrx_word' id='word_1_26' title='bbox 760 1550 829 1601; x_wconf 87' lang='lat' dir='ltr'>poten·</span> 
     </span>
     <span class='ocr_line' id='line_1_7' title="bbox 54 1614 829 1671; baseline -0.009 -9"><span class='ocrx_word' id='word_1_27' title='bbox 54 1621 132 1670; x_wconf 75' lang='lat' dir='ltr'><strong>tissime,</strong></span> <span class='ocrx_word' id='word_1_28' title='bbox 150 1618 254 1659; x_wconf 78' lang='lat' dir='ltr'>Catholicae</span> <span class='ocrx_word' id='word_1_29' title='bbox 270 1617 373 1671; x_wconf 83' lang='lat' dir='ltr'>majestatis</span> <span class='ocrx_word' id='word_1_30' title='bbox 389 1615 473 1670; x_wconf 83' lang='lat' dir='ltr'>presidio</span> <span class='ocrx_word' id='word_1_31' title='bbox 491 1614 557 1655; x_wconf 86' lang='lat' dir='ltr'>multis</span> <span class='ocrx_word' id='word_1_32' title='bbox 574 1615 597 1655; x_wconf 91' lang='lat' dir='ltr'>de</span> <span class='ocrx_word' id='word_1_33' title='bbox 615 1616 677 1656; x_wconf 82' lang='lat' dir='ltr'>causis</span> <span class='ocrx_word' id='word_1_34' title='bbox 698 1615 759 1655; x_wconf 81' lang='lat' dir='ltr'>audeo</span> <span class='ocrx_word' id='word_1_35' title='bbox 777 1629 829 1655; x_wconf 91' lang='lat' dir='ltr'>com·</span> 
     </span>
     <span class='ocr_line' id='line_1_8' title="bbox 54 1683 829 1737; baseline -0.006 -9"><span class='ocrx_word' id='word_1_36' title='bbox 54 1689 135 1728; x_wconf 82' lang='lat' dir='ltr'>mittere.</span> <span class='ocrx_word' id='word_1_37' title='bbox 164 1686 225 1726; x_wconf 80' lang='lat' dir='ltr'>Taceo</span> <span class='ocrx_word' id='word_1_38' title='bbox 235 1700 246 1726; x_wconf 91' lang='lat' dir='ltr'>a</span> <span class='ocrx_word' id='word_1_39' title='bbox 256 1698 293 1733; x_wconf 87' lang='lat' dir='ltr'>me,</span> <span class='ocrx_word' id='word_1_40' title='bbox 304 1684 337 1737; x_wconf 85' lang='lat' dir='ltr'>qui</span> <span class='ocrx_word' id='word_1_41' title='bbox 347 1683 451 1724; x_wconf 82' lang='lat' dir='ltr'>honorifico</span> <span class='ocrx_word' id='word_1_42' title='bbox 465 1683 566 1737; x_wconf 85' lang='lat' dir='ltr'>stipendio,</span> <span class='ocrx_word' id='word_1_43' title='bbox 582 1686 656 1737; x_wconf 84' lang='lat' dir='ltr'>apatre</span> <span class='ocrx_word' id='word_1_44' title='bbox 663 1688 697 1725; x_wconf 89' lang='lat' dir='ltr'>tuo</span> <span class='ocrx_word' id='word_1_45' title='bbox 712 1698 757 1737; x_wconf 83' lang='lat' dir='ltr'>rege</span> <span class='ocrx_word' id='word_1_46' title='bbox 770 1684 829 1737; x_wconf 84' lang='lat' dir='ltr'>longe</span> 
     </span>
     <span class='ocr_line' id='line_1_9' title="bbox 53 1748 829 1800; baseline -0.005 -6"><span class='ocrx_word' id='word_1_47' title='bbox 53 1752 230 1794; x_wconf 77' lang='lat' dir='ltr'>munificentissimo</span> <span class='ocrx_word' id='word_1_48' title='bbox 255 1750 337 1790; x_wconf 82' lang='lat' dir='ltr'>donatus</span> <span class='ocrx_word' id='word_1_49' title='bbox 354 1750 374 1789; x_wconf 89' lang='lat' dir='ltr'>in</span> <span class='ocrx_word' id='word_1_50' title='bbox 390 1753 425 1790; x_wconf 88' lang='lat' dir='ltr'>tua</span> <span class='ocrx_word' id='word_1_51' title='bbox 442 1750 501 1790; x_wconf 83' lang='lat' dir='ltr'>classe</span> <span class='ocrx_word' id='word_1_52' title='bbox 517 1763 569 1790; x_wconf 85' lang='lat' dir='ltr'>arma</span> <span class='ocrx_word' id='word_1_53' title='bbox 588 1748 635 1800; x_wconf 84' lang='lat' dir='ltr'>fero,</span> <span class='ocrx_word' id='word_1_54' title='bbox 652 1749 689 1790; x_wconf 87' lang='lat' dir='ltr'>hoc</span> <span class='ocrx_word' id='word_1_55' title='bbox 708 1750 793 1790; x_wconf 84' lang='lat' dir='ltr'>officium</span> <span class='ocrx_word' id='word_1_56' title='bbox 807 1749 829 1789; x_wconf 86' lang='lat' dir='ltr'>in</span> 
     </span>
     <span class='ocr_line' id='line_1_10' title="bbox 53 1816 598 1874; baseline -0.007 -13"><span class='ocrx_word' id='word_1_57' title='bbox 53 1819 112 1862; x_wconf 84' lang='lat' dir='ltr'>animi</span> <span class='ocrx_word' id='word_1_58' title='bbox 121 1820 172 1874; x_wconf 83' lang='lat' dir='ltr'>grati</span> <span class='ocrx_word' id='word_1_59' title='bbox 181 1818 340 1872; x_wconf 83' lang='lat' dir='ltr'>significationem</span> <span class='ocrx_word' id='word_1_60' title='bbox 349 1817 385 1858; x_wconf 84' lang='lat' dir='ltr'>tihi</span> <span class='ocrx_word' id='word_1_61' title='bbox 394 1817 517 1870; x_wconf 83' lang='lat' dir='ltr'>potissimum</span> <span class='ocrx_word' id='word_1_62' title='bbox 527 1816 598 1858; x_wconf 86' lang='lat' dir='ltr'>deberi.</span> 
     </span>
    </p>

    <p class='ocr_par' dir='ltr' id='par_1_6' title="bbox 47 1884 828 2875">
     <span class='ocr_line' id='line_1_11' title="bbox 81 1884 828 1942; baseline 0 -15"><span class='ocrx_word' id='word_1_63' title='bbox 81 1886 205 1940; x_wconf 77' lang='lat' dir='ltr'>Supersedeo,</span> <span class='ocrx_word' id='word_1_64' title='bbox 212 1890 232 1926; x_wconf 90' lang='lat' dir='ltr'>te</span> <span class='ocrx_word' id='word_1_65' title='bbox 241 1885 343 1942; x_wconf 78' lang='lat' dir='ltr'>suscipere,</span> <span class='ocrx_word' id='word_1_66' title='bbox 351 1886 448 1938; x_wconf 84' lang='lat' dir='ltr'>tutarique</span> <span class='ocrx_word' id='word_1_67' title='bbox 458 1898 535 1925; x_wconf 84' lang='lat' dir='ltr'>causam</span> <span class='ocrx_word' id='word_1_68' title='bbox 544 1885 574 1924; x_wconf 92' lang='lat' dir='ltr'>tui</span> <span class='ocrx_word' id='word_1_69' title='bbox 581 1884 648 1925; x_wconf 82' lang='lat' dir='ltr'>militis</span> <span class='ocrx_word' id='word_1_70' title='bbox 655 1888 750 1938; x_wconf 81' lang='lat' dir='ltr'>oportere,</span> <span class='ocrx_word' id='word_1_71' title='bbox 759 1886 828 1927; x_wconf 89' lang='lat' dir='ltr'>om&#39;tto</span> 
     </span>
     <span class='ocr_line' id='line_1_12' title="bbox 53 1953 828 2008; baseline -0.003 -12"><span class='ocrx_word' id='word_1_72' title='bbox 53 1958 91 2004; x_wconf 87' lang='lat' dir='ltr'>tua,</span> <span class='ocrx_word' id='word_1_73' title='bbox 101 1956 169 2007; x_wconf 84' lang='lat' dir='ltr'>tuique</span> <span class='ocrx_word' id='word_1_74' title='bbox 177 1954 242 2008; x_wconf 81' lang='lat' dir='ltr'>patris,</span> <span class='ocrx_word' id='word_1_75' title='bbox 253 1957 273 1994; x_wconf 89' lang='lat' dir='ltr'>et</span> <span class='ocrx_word' id='word_1_76' title='bbox 283 1953 313 1994; x_wconf 87' lang='lat' dir='ltr'>avi</span> <span class='ocrx_word' id='word_1_77' title='bbox 322 1953 469 1999; x_wconf 78' lang='lat' dir='ltr'>monarchorum</span> <span class='ocrx_word' id='word_1_78' title='bbox 483 1953 610 1993; x_wconf 77' lang='lat' dir='ltr'>maximorum</span> <span class='ocrx_word' id='word_1_79' title='bbox 625 1953 688 2007; x_wconf 85' lang='lat' dir='ltr'>ampla</span> <span class='ocrx_word' id='word_1_80' title='bbox 697 1959 717 1994; x_wconf 86' lang='lat' dir='ltr'>et</span> <span class='ocrx_word' id='word_1_81' title='bbox 726 1954 828 2007; x_wconf 84' lang='lat' dir='ltr'>magnifica</span> 
     </span>
     <span class='ocr_line' id='line_1_13' title="bbox 51 2020 826 2075; baseline -0.003 -11"><span class='ocrx_word' id='word_1_82' title='bbox 51 2023 142 2064; x_wconf 84' lang='lat' dir='ltr'>beneficia</span> <span class='ocrx_word' id='word_1_83' title='bbox 150 2024 172 2064; x_wconf 87' lang='lat' dir='ltr'>in</span> <span class='ocrx_word' id='word_1_84' title='bbox 181 2022 290 2063; x_wconf 84' lang='lat' dir='ltr'>Ibernicam</span> <span class='ocrx_word' id='word_1_85' title='bbox 299 2024 375 2075; x_wconf 82' lang='lat' dir='ltr'>gentem</span> <span class='ocrx_word' id='word_1_86' title='bbox 385 2020 460 2061; x_wconf 78' lang='lat' dir='ltr'>collata.</span> <span class='ocrx_word' id='word_1_87' title='bbox 490 2020 543 2061; x_wconf 81' lang='lat' dir='ltr'>Illud</span> <span class='ocrx_word' id='word_1_88' title='bbox 555 2035 616 2061; x_wconf 88' lang='lat' dir='ltr'>uuum</span> <span class='ocrx_word' id='word_1_89' title='bbox 623 2022 694 2062; x_wconf 88' lang='lat' dir='ltr'>tacitus</span> <span class='ocrx_word' id='word_1_90' title='bbox 703 2022 758 2062; x_wconf 80' lang='lat' dir='ltr'>nullo</span> <span class='ocrx_word' id='word_1_91' title='bbox 768 2022 826 2063; x_wconf 88' lang='lat' dir='ltr'>modo</span> 
     </span>
     <span class='ocr_line' id='line_1_14' title="bbox 51 2088 825 2145; baseline 0.001 -14"><span class='ocrx_word' id='word_1_92' title='bbox 51 2090 145 2145; x_wconf 83' lang='lat' dir='ltr'>preteribo</span> <span class='ocrx_word' id='word_1_93' title='bbox 153 2108 157 2131; x_wconf 72' lang='grc' dir='ltr'><em>ι</em></span> <span class='ocrx_word' id='word_1_94' title='bbox 167 2090 198 2130; x_wconf 82' lang='lat' dir='ltr'>Tu</span> <span class='ocrx_word' id='word_1_95' title='bbox 205 2089 309 2130; x_wconf 80' lang='lat' dir='ltr'>Christiani</span> <span class='ocrx_word' id='word_1_96' title='bbox 315 2089 398 2129; x_wconf 85' lang='lat' dir='ltr'>nominis</span> <span class='ocrx_word' id='word_1_97' title='bbox 406 2088 473 2129; x_wconf 88' lang='lat' dir='ltr'>tuendi</span> <span class='ocrx_word' id='word_1_98' title='bbox 480 2088 610 2129; x_wconf 86' lang='lat' dir='ltr'>firmissimum</span> <span class='ocrx_word' id='word_1_99' title='bbox 616 2091 785 2143; x_wconf 69' lang='lat' dir='ltr'>propugnaculum</span> <span class='ocrx_word' id='word_1_100' title='bbox 792 2106 812 2132; x_wconf 88' lang='lat' dir='ltr'>es</span> <span class='ocrx_word' id='word_1_101' title='bbox 821 2108 825 2132; x_wconf 96' lang='lat'><strong>:</strong></span> 
     </span>
     <span class='ocr_line' id='line_1_15' title="bbox 51 2156 826 2212; baseline 0.008 -17"><span class='ocrx_word' id='word_1_102' title='bbox 51 2156 140 2199; x_wconf 77' lang='lat' dir='ltr'>Innnurn</span> <span class='ocrx_word' id='word_1_103' title='bbox 150 2172 185 2212; x_wconf 88' lang='lat' dir='ltr'>pro</span> <span class='ocrx_word' id='word_1_104' title='bbox 193 2157 301 2198; x_wconf 78' lang='lat' dir='ltr'>Christiana</span> <span class='ocrx_word' id='word_1_105' title='bbox 307 2158 384 2211; x_wconf 83' lang='lat' dir='ltr'>pietate,</span> <span class='ocrx_word' id='word_1_106' title='bbox 389 2161 548 2210; x_wconf 82' lang='lat' dir='ltr'>sacrosanctaque</span> <span class='ocrx_word' id='word_1_107' title='bbox 557 2156 595 2197; x_wconf 87' lang='lat' dir='ltr'>fide</span> <span class='ocrx_word' id='word_1_108' title='bbox 602 2158 700 2207; x_wconf 80' lang='lat' dir='ltr'>servanda,</span> <span class='ocrx_word' id='word_1_109' title='bbox 708 2159 826 2212; x_wconf 79' lang='lat' dir='ltr'>gravissimis</span> 
     </span>
     <span class='ocr_line' id='line_1_16' title="bbox 51 2225 825 2281; baseline 0.008 -17"><span class='ocrx_word' id='word_1_110' title='bbox 51 2225 181 2266; x_wconf 70' lang='lat' dir='ltr'>calamitatum</span> <span class='ocrx_word' id='word_1_111' title='bbox 203 2225 285 2267; x_wconf 83' lang='lat' dir='ltr'>cumulis</span> <span class='ocrx_word' id='word_1_112' title='bbox 308 2225 401 2266; x_wconf 87' lang='lat' dir='ltr'>obruitur.</span> <span class='ocrx_word' id='word_1_113' title='bbox 438 2226 469 2266; x_wconf 80' lang='lat' dir='ltr'>Tu</span> <span class='ocrx_word' id='word_1_114' title='bbox 487 2225 554 2265; x_wconf 87' lang='lat' dir='ltr'>Divini</span> <span class='ocrx_word' id='word_1_115' title='bbox 570 2225 634 2266; x_wconf 83' lang='lat' dir='ltr'>cultus</span> <span class='ocrx_word' id='word_1_116' title='bbox 651 2230 708 2278; x_wconf 83' lang='lat' dir='ltr'>atque</span> <span class='ocrx_word' id='word_1_117' title='bbox 725 2227 825 2281; x_wconf 84' lang='lat' dir='ltr'>religionis</span> 
     </span>
     <span class='ocr_line' id='line_1_17' title="bbox 50 2292 826 2349; baseline 0.004 -17"><span class='ocrx_word' id='word_1_118' title='bbox 50 2292 165 2345; x_wconf 83' lang='lat' dir='ltr'>Apostolicae</span> <span class='ocrx_word' id='word_1_119' title='bbox 181 2292 302 2346; x_wconf 82' lang='lat' dir='ltr'>splendorem</span> <span class='ocrx_word' id='word_1_120' title='bbox 317 2292 388 2346; x_wconf 83' lang='lat' dir='ltr'>ubique</span> <span class='ocrx_word' id='word_1_121' title='bbox 405 2293 493 2347; x_wconf 86' lang='lat' dir='ltr'>gentium</span> <span class='ocrx_word' id='word_1_122' title='bbox 502 2292 622 2347; x_wconf 82' lang='lat' dir='ltr'>amplificare,</span> <span class='ocrx_word' id='word_1_123' title='bbox 641 2296 660 2333; x_wconf 89' lang='lat' dir='ltr'>et</span> <span class='ocrx_word' id='word_1_124' title='bbox 674 2293 738 2347; x_wconf 78' lang='lat' dir='ltr'>longe,</span> <span class='ocrx_word' id='word_1_125' title='bbox 749 2294 826 2349; x_wconf 84' lang='lat' dir='ltr'>lateque</span> 
     </span>
     <span class='ocr_line' id='line_1_18' title="bbox 49 2360 822 2414; baseline 0.003 -14"><span class='ocrx_word' id='word_1_126' title='bbox 49 2373 160 2414; x_wconf 79' lang='lat' dir='ltr'>propagare,</span> <span class='ocrx_word' id='word_1_127' title='bbox 175 2360 306 2414; x_wconf 77' lang='lat' dir='ltr'>Ecclesiaeque</span> <span class='ocrx_word' id='word_1_128' title='bbox 320 2360 413 2401; x_wconf 83' lang='lat' dir='ltr'>Romanae</span> <span class='ocrx_word' id='word_1_129' title='bbox 422 2362 470 2401; x_wconf 82' lang='lat' dir='ltr'>fines</span> <span class='ocrx_word' id='word_1_130' title='bbox 480 2360 594 2414; x_wconf 81' lang='lat' dir='ltr'>protendere</span> <span class='ocrx_word' id='word_1_131' title='bbox 604 2361 691 2401; x_wconf 85' lang='lat' dir='ltr'>conaris:</span> <span class='ocrx_word' id='word_1_132' title='bbox 705 2374 755 2401; x_wconf 71' lang='lat' dir='ltr'>rum</span> <span class='ocrx_word' id='word_1_133' title='bbox 770 2377 822 2403; x_wconf 88' lang='lat' dir='ltr'>nun-</span> 
     </span>
     <span class='ocr_line' id='line_1_19' title="bbox 50 2426 825 2479; baseline 0.004 -14"><span class='ocrx_word' id='word_1_134' title='bbox 50 2438 107 2478; x_wconf 78' lang='lat' dir='ltr'>quam</span> <span class='ocrx_word' id='word_1_135' title='bbox 116 2426 140 2466; x_wconf 87' lang='lat' dir='ltr'>ab</span> <span class='ocrx_word' id='word_1_136' title='bbox 150 2440 172 2466; x_wconf 82' lang='lat' dir='ltr'>aa</span> <span class='ocrx_word' id='word_1_137' title='bbox 181 2426 230 2479; x_wconf 83' lang='lat' dir='ltr'>iege,</span> <span class='ocrx_word' id='word_1_138' title='bbox 241 2440 299 2479; x_wconf 87' lang='lat' dir='ltr'>quam</span> <span class='ocrx_word' id='word_1_139' title='bbox 309 2426 396 2466; x_wconf 83' lang='lat' dir='ltr'>Ohristus</span> <span class='ocrx_word' id='word_1_140' title='bbox 407 2426 526 2479; x_wconf 80' lang='lat' dir='ltr'>Redemptor</span> <span class='ocrx_word' id='word_1_141' title='bbox 535 2429 601 2467; x_wconf 81' lang='lat' dir='ltr'>noster</span> <span class='ocrx_word' id='word_1_142' title='bbox 615 2426 666 2475; x_wconf 83' lang='lat' dir='ltr'>tulit,</span> <span class='ocrx_word' id='word_1_143' title='bbox 674 2426 765 2479; x_wconf 80' lang='lat' dir='ltr'>Apostoli</span> <span class='ocrx_word' id='word_1_144' title='bbox 776 2429 825 2468; x_wconf 79' lang='lat' dir='ltr'>sacri</span> 
     </span>
     <span class='ocr_line' id='line_1_20' title="bbox 49 2492 824 2547; baseline 0.004 -15"><span class='ocrx_word' id='word_1_145' title='bbox 49 2493 202 2547; x_wconf 82' lang='lat' dir='ltr'>promulgarunt,</span> <span class='ocrx_word' id='word_1_146' title='bbox 218 2493 339 2547; x_wconf 84' lang='lat' dir='ltr'>Romanique</span> <span class='ocrx_word' id='word_1_147' title='bbox 354 2493 458 2534; x_wconf 88' lang='lat' dir='ltr'>Pontifices</span> <span class='ocrx_word' id='word_1_148' title='bbox 473 2492 573 2533; x_wconf 75' lang='lat' dir='ltr'>colendam</span> <span class='ocrx_word' id='word_1_149' title='bbox 593 2494 717 2546; x_wconf 77' lang='lat' dir='ltr'>pnoecipiunt‚</span> <span class='ocrx_word' id='word_1_150' title='bbox 734 2493 824 2535; x_wconf 88' lang='lat' dir='ltr'>descivit.</span> 
     </span>
     <span class='ocr_line' id='line_1_21' title="bbox 49 2558 824 2616; baseline 0.008 -18"><span class='ocrx_word' id='word_1_151' title='bbox 49 2558 79 2598; x_wconf 78' lang='lat' dir='ltr'>uu</span> <span class='ocrx_word' id='word_1_152' title='bbox 94 2563 184 2601; x_wconf 76' lang='lat' dir='ltr'>tartareae</span> <span class='ocrx_word' id='word_1_153' title='bbox 200 2561 279 2602; x_wconf 83' lang='lat' dir='ltr'>hoeresis</span> <span class='ocrx_word' id='word_1_154' title='bbox 294 2562 345 2616; x_wconf 79' lang='lat' dir='ltr'>pesti</span> <span class='ocrx_word' id='word_1_155' title='bbox 360 2575 435 2616; x_wconf 84' lang='lat' dir='ltr'>semper</span> <span class='ocrx_word' id='word_1_156' title='bbox 445 2560 521 2602; x_wconf 82' lang='lat' dir='ltr'>obuiam</span> <span class='ocrx_word' id='word_1_157' title='bbox 531 2575 564 2601; x_wconf 84' lang='lat' dir='ltr'>es:</span> <span class='ocrx_word' id='word_1_158' title='bbox 578 2560 611 2601; x_wconf 85' lang='lat' dir='ltr'>illa</span> <span class='ocrx_word' id='word_1_159' title='bbox 625 2561 703 2601; x_wconf 83' lang='lat' dir='ltr'>hoeresis</span> <span class='ocrx_word' id='word_1_160' title='bbox 718 2561 783 2604; x_wconf 80' lang='lat' dir='ltr'>furore</span> <span class='ocrx_word' id='word_1_161' title='bbox 792 2577 824 2604; x_wconf 86' lang='lat' dir='ltr'>ve-</span> 
     </span>
     <span class='ocr_line' id='line_1_22' title="bbox 48 2624 824 2682; baseline 0.006 -17"><span class='ocrx_word' id='word_1_162' title='bbox 48 2624 191 2668; x_wconf 84' lang='lat' dir='ltr'>hementissimo</span> <span class='ocrx_word' id='word_1_163' title='bbox 200 2628 321 2682; x_wconf 85' lang='lat' dir='ltr'>profligatur.</span> <span class='ocrx_word' id='word_1_164' title='bbox 341 2628 371 2669; x_wconf 79' lang='lat' dir='ltr'>Tu</span> <span class='ocrx_word' id='word_1_165' title='bbox 385 2628 489 2669; x_wconf 72' lang='lat' dir='ltr'>Catholicis</span> <span class='ocrx_word' id='word_1_166' title='bbox 499 2641 519 2667; x_wconf 87' lang='lat' dir='ltr'>es</span> <span class='ocrx_word' id='word_1_167' title='bbox 529 2627 656 2679; x_wconf 78' lang='lat' dir='ltr'>confugium:</span> <span class='ocrx_word' id='word_1_168' title='bbox 671 2627 705 2668; x_wconf 76' lang='lat' dir='ltr'>issa</span> <span class='ocrx_word' id='word_1_169' title='bbox 715 2629 740 2669; x_wconf 86' lang='lat' dir='ltr'>ad</span> <span class='ocrx_word' id='word_1_170' title='bbox 748 2633 768 2670; x_wconf 88' lang='lat' dir='ltr'>te</span> <span class='ocrx_word' id='word_1_171' title='bbox 780 2632 824 2670; x_wconf 85' lang='lat' dir='ltr'>tan-</span> 
     </span>
     <span class='ocr_line' id='line_1_23' title="bbox 48 2694 822 2752; baseline 0.005 -17"><span class='ocrx_word' id='word_1_172' title='bbox 48 2708 104 2747; x_wconf 83' lang='lat' dir='ltr'>quam</span> <span class='ocrx_word' id='word_1_173' title='bbox 110 2696 134 2736; x_wconf 90' lang='lat' dir='ltr'>ad</span> <span class='ocrx_word' id='word_1_174' title='bbox 143 2696 218 2750; x_wconf 79' lang='lat' dir='ltr'>asylum</span> <span class='ocrx_word' id='word_1_175' title='bbox 225 2697 320 2750; x_wconf 83' lang='lat' dir='ltr'>confugit.</span> <span class='ocrx_word' id='word_1_176' title='bbox 335 2698 365 2737; x_wconf 79' lang='lat' dir='ltr'>uu</span> <span class='ocrx_word' id='word_1_177' title='bbox 373 2694 576 2751; x_wconf 78' lang='lat' dir='ltr'>praecoeterisregibus</span> <span class='ocrx_word' id='word_1_178' title='bbox 588 2694 734 2737; x_wconf 70' lang='lat' dir='ltr'>“Cataonas”</span> <span class='ocrx_word' id='word_1_179' title='bbox 747 2698 822 2752; x_wconf 87' lang='lat' dir='ltr'>optimo</span> 
     </span>
     <span class='ocr_line' id='line_1_24' title="bbox 47 2763 823 2815; baseline 0.004 -12"><span class='ocrx_word' id='word_1_180' title='bbox 47 2763 89 2815; x_wconf 85' lang='lat' dir='ltr'>jure</span> <span class='ocrx_word' id='word_1_181' title='bbox 98 2764 216 2805; x_wconf 84' lang='lat' dir='ltr'>nominaris:</span> <span class='ocrx_word' id='word_1_182' title='bbox 232 2777 281 2805; x_wconf 76' lang='lat' dir='ltr'>rum</span> <span class='ocrx_word' id='word_1_183' title='bbox 290 2777 353 2805; x_wconf 75' lang='lat' dir='ltr'>innan</span> <span class='ocrx_word' id='word_1_184' title='bbox 368 2776 528 2806; x_wconf 82' lang='lat' dir='ltr'>snrrnuunrours</span> <span class='ocrx_word' id='word_1_185' title='bbox 543 2770 651 2805; x_wconf 76' lang='lat' dir='ltr'>menunuur</span> <span class='ocrx_word' id='word_1_186' title='bbox 660 2776 761 2805; x_wconf 83' lang='lat' dir='ltr'>nnuonun</span> <span class='ocrx_word' id='word_1_187' title='bbox 775 2778 823 2806; x_wconf 78' lang='lat' dir='ltr'>run-</span> 
     </span>
     <span class='ocr_line' id='line_1_25' title="bbox 48 2833 487 2875; baseline 0.005 -3"><span class='ocrx_word' id='word_1_188' title='bbox 48 2844 193 2875; x_wconf 78' lang='lat' dir='ltr'>runanrrounnr</span> <span class='ocrx_word' id='word_1_189' title='bbox 202 2833 322 2875; x_wconf 79' lang='lat' dir='ltr'>Onrnomcn</span> <span class='ocrx_word' id='word_1_190' title='bbox 331 2847 425 2874; x_wconf 77' lang='lat' dir='ltr'>nunsrnn.</span> <span class='ocrx_word' id='word_1_191' title='bbox 484 2849 487 2852; x_wconf 84' lang='lat'>·</span> 
     </span>
    </p>
   </div>
   <div class='ocr_carea' id='block_1_6' title="bbox 75 2899 823 2956">
    <p class='ocr_par' dir='ltr' id='par_1_7' title="bbox 75 2899 823 2956">
     <span class='ocr_line' id='line_1_26' title="bbox 75 2899 823 2956; baseline 0.003 -16"><span class='ocrx_word' id='word_1_192' title='bbox 75 2899 120 2941; x_wconf 89' lang='lat' dir='ltr'>Huc</span> <span class='ocrx_word' id='word_1_193' title='bbox 130 2900 204 2942; x_wconf 86' lang='lat' dir='ltr'>accedit</span> <span class='ocrx_word' id='word_1_194' title='bbox 213 2901 272 2942; x_wconf 86' lang='lat' dir='ltr'>animi</span> <span class='ocrx_word' id='word_1_195' title='bbox 281 2901 311 2942; x_wconf 87' lang='lat' dir='ltr'>tui</span> <span class='ocrx_word' id='word_1_196' title='bbox 319 2902 380 2956; x_wconf 81' lang='lat' dir='ltr'>pietas</span> <span class='ocrx_word' id='word_1_197' title='bbox 390 2900 464 2950; x_wconf 80' lang='lat' dir='ltr'>eximia,</span> <span class='ocrx_word' id='word_1_198' title='bbox 475 2903 495 2941; x_wconf 86' lang='lat' dir='ltr'>et</span> <span class='ocrx_word' id='word_1_199' title='bbox 508 2899 569 2941; x_wconf 79' lang='lat' dir='ltr'>uirtus</span> <span class='ocrx_word' id='word_1_200' title='bbox 585 2900 662 2954; x_wconf 85' lang='lat' dir='ltr'>egregie</span> <span class='ocrx_word' id='word_1_201' title='bbox 678 2900 777 2951; x_wconf 76' lang='lat' dir='ltr'>mirabilis,</span> <span class='ocrx_word' id='word_1_202' title='bbox 789 2901 823 2954; x_wconf 88' lang='lat' dir='ltr'>qui</span> 
     </span>
    </p>
   </div>
   <div class='ocr_carea' id='block_1_7' title="bbox 0 0 1124 3535">
    <p class='ocr_par' dir='ltr' id='par_1_8' title="bbox 0 0 1124 3535">
     <span class='ocr_line' id='line_1_27' title="bbox 0 0 1124 3535; baseline 0 6"><span class='ocrx_word' id='word_1_203' title='bbox 0 0 1124 3535; x_wconf 95' lang='lat' dir='ltr'> </span> 
     </span>
    </p>
   </div>
  </div>
 </body>
</html>
