2237 3535
73 397 117 424 oar.
133 383 173 436 ra]
287 396 314 423 us
328 396 392 425 nunno
407 397 523 427 oursnncuu
539 392 647 424 annuatur.
806 383 844 423 167

73 494 126 543 dant,
143 494 202 547 &per
218 492 296 533 alteram
311 497 384 547 partem
398 495 580 548 impedimentorum
594 492 688 546 pellentes
702 491 774 544 agmini
783 492 846 545 primo

72 549 160 589 miscent.
190 548 221 589 Ita
236 551 289 588 totus
304 549 397 589 exercitus
414 550 498 598 turbato,
516 548 635 600 confusoque
653 546 739 586 tumultu
757 551 846 600 penetrat

72 604 150 653 vadum,
160 603 226 643 relicto
236 609 347 654 commeato,
359 606 438 645 &omni
453 603 597 658 impedimento,
609 603 663 655 equis
672 604 749 641 tantum
759 602 845 651 servatis,

73 659 107 712 qni
116 659 217 712 praecipuae
233 672 283 699 curce
299 659 395 713 equitibus
412 663 472 700 erant.
501 658 550 699 htux
561 657 607 711 quid
621 656 717 712 agendum
731 656 762 706 sit,
773 657 845 697 Dukus

72 714 176 754 consultat.
205 713 299 768 Georgius
308 714 428 768 Binghamus
438 715 507 755 lunior
516 713 637 754 redeundum
645 726 685 753 esse
693 716 762 761 censet,
770 726 794 752 ne
801 715 846 766 post

73 769 165 809 amissum
174 775 300 809 commeatrma
309 784 374 810 omnes
383 770 448 810 inedita
453 770 555 810 vincantur
560 768 602 822 pari
608 768 649 808 tato
659 780 702 807 cum
712 766 845 807 lniskellinnae

72 824 254 878 propugnatoribus,
265 824 334 878 quibus
341 825 432 878 opitulari
441 839 481 865 non
494 828 590 879 poterant,
621 823 693 863 Contra
702 825 846 862 castrametatos

72 879 127 929 llool,
139 878 190 932 qnod
199 893 269 919 nomen
286 880 367 920 stultum
382 881 482 934 significat,
498 879 557 920 stulte
566 879 663 928 reclamat,
674 878 691 917 dt
700 877 814 927 obtestatur,
824 881 845 917 vt

72 935 112 974 arci
130 935 201 988 reginae
218 940 334 975 succurrant.
363 935 434 985 Locus,
444 936 465 975 in
475 950 513 989 quo
522 935 635 975 Protestans
650 933 768 982 constiterat,
781 933 845 973 hnmi-

73 989 132 1029 ditate
142 989 244 1042 impeditus
255 993 300 1039 erat,
311 990 343 1030 vbi
350 990 423 1043 equiiu
431 991 525 1044 uliginem
532 990 596 1030 hausti
602 989 648 1029 usur¹
655 1002 740 1029 essenon
748 991 844 1042 poterant.

72 1044 120 1084 Ideo
137 1045 149 1084 b
165 1045 268 1085 Catholicis
284 1045 344 1098 magis
359 1044 438 1098 impune
454 1044 559 1085 missilibus
576 1044 678 1085 sauciatur.
707 1043 738 1083 Ob
748 1043 844 1084 hocFool

72 1098 122 1139 alam
132 1099 288 1153 seloperariorum
302 1103 369 1140 contra
385 1100 494 1141 Catholicos
503 1099 599 1152 producit,
608 1104 631 1139 vt
641 1113 672 1139 eos
682 1103 785 1147 removeat,
796 1099 843 1139 dum

70 1168 137 1194 rursus
147 1155 240 1196 exercitus
249 1168 283 1208 per
297 1155 373 1194 ordines
390 1159 522 1207 componatur.
552 1154 647 1194 Caeterum
657 1152 695 1193 citb
704 1168 757 1206 crepo
767 1154 842 1194 destitit

70 1210 147 1262 tragult
155 1209 252 1262 trajectus,
263 1211 279 1249 dt
289 1209 382 1261 occisuslt
413 1208 457 1252 Quo
466 1213 520 1249 totus
528 1209 679 1249 Protestautiurn
692 1210 786 1248 exercitus
796 1223 909 1268 0011-[133.]

71 1267 167 1304 sternutus
182 1265 260 1304 desertis
276 1264 333 1303 etiam
349 1263 403 1316 equis
421 1263 459 1303 ullo
475 1264 516 1303 siue
530 1263 602 1312 ordine,
614 1263 718 1315 &imperio
732 1264 757 1303 ad
771 1264 842 1304 vadum

72 1319 125 1371 quod
141 1323 185 1359 ante
194 1318 252 1371 paulo
267 1319 373 1371 trajecerat,
390 1319 498 1357 revertitur.
528 1317 573 1361 Quo
586 1318 699 1370 prohibetur
714 1317 725 1356 a
739 1318 843 1358 Catholicis

70 1373 232 1422 fulminatoribus,
243 1373 277 1425 qui
285 1374 356 1425 partim
369 1372 506 1424 impedimenta
520 1371 641 1424 diripiebant,
651 1372 720 1425 partim
730 1372 801 1412 uadum
810 1373 843 1413 ob-

71 1428 166 1468 sidebant.
193 1427 252 1467 Vnde
269 1426 345 1476 dubius,
363 1426 411 1479 quid
429 1427 550 1479 potissimum
566 1426 640 1466 consilii
656 1430 737 1479 caperet,
752 1427 777 1467 ad
793 1427 845 1467 aliud

72 1482 175 1536 angustius
190 1482 268 1530 vadum,
278 1481 332 1534 quod
348 1495 407 1534 supra
415 1480 436 1521 in
445 1482 524 1521 flumine
534 1481 584 1521 intra
594 1481 669 1534 sagittae
679 1482 759 1521 missurn
769 1482 844 1535 conspi-

72 1544 133 1586 catur,
144 1536 239 1577 concitato
257 1549 315 1576 cursu
331 1549 372 1576 sese
389 1537 468 1585 confert,
480 1536 527 1577 &in
535 1535 584 1576 illud
600 1536 707 1589 praecipitat
717 1536 776 1590 prius,
788 1551 845 1589 quarn

71 1592 109 1632 fuit
119 1592 131 1631 t
140 1591 243 1632 Catholicis
252 1595 373 1644 occupatum.
403 1590 447 1634 Qua
457 1591 501 1631 vero
512 1591 614 1640 eeleritate,
625 1591 778 1643 &trepidatione
788 1606 845 1644 pene-

71 1647 141 1695 trabat,
153 1647 250 1687 &redum
267 1651 307 1686 erat
322 1645 431 1695 altitudine,
448 1651 526 1686 centurn
544 1646 618 1686 circiter
634 1646 703 1686 milites
718 1646 845 1697 subruuntur,

23 1715 25 1718 ·
72 1715 156 1755 quorum
166 1715 222 1755 snper
232 1715 311 1755 corpora
321 1701 384 1741 caeteri
393 1706 500 1742 transeunt.
528 1701 670 1742 Protestantem
679 1715 702 1741 er
707 1701 783 1742 Ibernis
789 1703 846 1755 pauci

72 1761 186 1810 sequnntur,
197 1769 279 1811 quorum
288 1756 320 1796 ille
336 1755 451 1810 paucitatem
468 1770 560 1810 spernens
577 1756 665 1797 consistit
680 1770 788 1811 parumper,
799 1758 846 1797 dum

71 1812 143 1852 Dukus
153 1811 231 1864 Anglici
248 1811 340 1851 exercitus
354 1811 457 1864 imperator
466 1826 510 1851 cnm
520 1811 563 1851 aliis
572 1812 680 1852 cohortium
690 1812 771 1852 ducibus
781 1813 844 1861 armis,

73 1866 185 1907 &vestibus
193 1870 263 1920 praeter
272 1865 386 1906 subuculam
400 1867 481 1906 eruitur.
511 1864 588 1908 Quibus
602 1871 668 1907 tamen
674 1866 739 1907 'erutis
748 1882 789 1908 non
799 1868 845 1908 satis

71 1922 153 1971 levatus,
163 1936 198 1962 nec
207 1927 264 1975 aptus
280 1920 373 1961 currendo
389 1921 439 1961 inter
455 1924 538 1973 qrratuor
553 1920 634 1962 Ibernos
644 1921 714 1962 milites
724 1937 747 1962 ex
757 1922 796 1962 suis
806 1927 844 1963 tra·

72 1977 133 2017 hitur.
162 1977 267 2029 Fugientes
277 1975 382 2028 &pavidos
399 1975 492 2016 Catholici
509 1989 533 2015 en
549 1976 638 2017 manibus
649 1977 767 2026 dimiserunt,
778 1977 844 2031 diripi-

72 2033 127 2072 endis
136 2032 277 2085 impedimentis
287 2032 371 2071 animum
388 2030 514 2071 intendentes.
543 2029 596 2071 Nam
604 2031 662 2085 pauci
671 2032 704 2083 qui
713 2032 764 2072 ultra
772 2033 845 2072 vadum

71 2088 150 2127 fuerunt
160 2089 220 2127 secuti
235 2086 301 2126 statim
314 2085 430 2126 redirerunt.
459 2085 489 2126 Ob
501 2085 553 2139 quod
570 2100 592 2126 ex
605 2086 756 2140 protestantibus
766 2087 844 2141 Anglis,

71 2142 202 2182 &Catholicis
217 2141 300 2189 lbernis,
311 2141 397 2194 quicum
414 2141 450 2181 illis
466 2140 583 2194 stipendium
599 2142 704 2191 merebant,
718 2142 776 2194 pauci
785 2156 844 2196 supra

70 2197 221 2250 quadringentos
230 2197 316 2245 flumine,
326 2196 414 2249 ferroque
430 2196 533 2249 perierunt.
562 2195 621 2250 Equi,
631 2209 700 2249 magna
710 2202 772 2236 strues
782 2210 844 2237 armo-

69 2265 120 2301 rum,
138 2256 262 2301 commeatus,
274 2253 290 2292 b
300 2251 363 2291 omnia
379 2251 515 2304 impedimenta
532 2255 587 2304 capta
604 2255 656 2291 sunt.
685 2250 739 2292 Inter
755 2266 799 2304 quae
813 2253 844 2292 vis

71 2306 200 2346 biscoctorum
209 2320 283 2360 panum
292 2307 360 2360 ingens
369 2306 440 2358 inipso
451 2307 499 2346 vado
509 2310 569 2347 strata
577 2306 620 2347 loco
630 2320 702 2347 norum
711 2320 782 2346 nornen
796 2306 845 2347 Bcal

72 2375 97 2401 an
107 2361 141 2401 tha
156 2362 271 2414 nam-brisgi
284 2361 360 2402 indidit,
394 2360 495 2401 Exercitus
510 2362 559 2415 regii
573 2362 618 2411 tusi,
636 2361 728 2415 &fugati
744 2361 843 2415 divulgato

72 2416 145 2456 nuncio
155 2416 283 2457 lnislrellinna
292 2431 326 2456 arx
335 2417 358 2458 ab
369 2415 475 2456 O’Donello
490 2415 644 2457 circumsessam
658 2416 773 2457 deditionem
783 2418 843 2466 venit,

72 2471 249 2525 propugnatoribus
259 2487 282 2512 er
292 2476 348 2525 pacto
364 2471 451 2520 dimissis,
462 2470 534 2512 &Mac
544 2471 603 2512 Guier
614 2472 672 2512 estin
682 2471 780 2524 integrum
788 2473 844 2512 resti-

73 2530 134 2566 tutus.

101 2582 148 2621 htac
158 2582 250 2622 Suinnius
259 2582 353 2622 Tuethius
362 2595 412 2621 uuus
428 2595 451 2620 er
465 2580 577 2621 authoribus
593 2580 646 2630 belli,
661 2580 694 2633 qui
710 2580 806 2622 obsidioni
815 2582 845 2622 in-

74 2637 147 2685 terfuit,
157 2636 210 2677 brevi
220 2640 265 2691 post
273 2642 369 2691 receptam
387 2650 447 2676 arcem
456 2639 529 2675 naturae
544 2635 612 2676 cedens
621 2636 676 2675 triste
691 2636 720 2675 sui
730 2635 847 2688 desiderium

73 2690 178 2732 Catholicis
187 2692 278 2745 reliquit:
293 2692 314 2731 in
324 2692 379 2732 cuius
392 2691 456 2731 locum
470 2690 560 2730 suffectus
571 2695 599 2731 est
607 2690 721 2730 Melmnrius
731 2690 779 2732 Mac
789 2692 847 2733 Snin-

74 2745 118 2786 nius
128 2747 193 2787 Mauri
202 2747 275 2788 Lentit
287 2747 340 2799 (Mac
348 2746 441 2787 Muracba
450 2745 473 2786 ll
482 2745 551 2797 blruill)
561 2745 611 2785 filius
618 2745 732 2785 antecessori
738 2749 848 2789 constantib

73 2801 154 2841 minime
164 2816 203 2855 par,
213 2806 234 2842 vt
244 2802 323 2842 inferius
338 2800 441 2856 apparebit.
471 2800 575 2841 Obsidione
585 2800 649 2841 solutt
663 2799 797 2843 O'Donuellus
807 2818 847 2843 me-

74 2868 117 2895 mor
126 2857 254 2906 truculentiae,
266 2858 304 2911 qud
313 2858 407 2905 sentinas,
424 2869 483 2905 senes,
494 2856 510 2895 dt
520 2855 602 2896 infantes
613 2869 636 2895 ex
646 2855 779 2899 lnishellinnae
788 2864 848 2912 ponte

98 2961 109 2982 t
121 2958 200 3004 deriuary
209 2964 238 3002 26,
248 2963 297 2995 1596,
322 2964 370 2996 Four
378 2961 458 3002 Murteae,
466 2972 482 3004 p.
493 2962 543 2997 1997.
