<?xml version="1.0" encoding="UTF-8"?>
<!DOCTYPE html PUBLIC "-//W3C//DTD XHTML 1.0 Transitional//EN"
    "http://www.w3.org/TR/xhtml1/DTD/xhtml1-transitional.dtd">
<html xmlns="http://www.w3.org/1999/xhtml" xml:lang="en" lang="en">
 <head>
  <title>
</title>
<meta http-equiv="Content-Type" content="text/html;charset=utf-8" />
  <meta name='ocr-system' content='tesseract 3.04.00' />
  <meta name='ocr-capabilities' content='ocr_page ocr_carea ocr_par ocr_line ocrx_word'/>
</head>
<body>
  <div class='ocr_page' id='page_1' title='image "MN42000ucmf_1_0332.png"; bbox 0 0 2174 3535; ppageno 0'>
   <div class='ocr_carea' id='block_1_1' title="bbox 208 412 982 465">
    <p class='ocr_par' dir='ltr' id='par_1_1' title="bbox 208 412 982 465">
     <span class='ocr_line' id='line_1_1' title="bbox 208 412 982 465; baseline -0.004 -12"><span class='ocrx_word' id='word_1_1' title='bbox 208 414 249 454; x_wconf 78' lang='lat'>284</span> <span class='ocrx_word' id='word_1_2' title='bbox 350 415 484 456; x_wconf 77' lang='lat' dir='ltr'>o’sumnvam</span> <span class='ocrx_word' id='word_1_3' title='bbox 497 426 598 454; x_wconf 82' lang='lat' dir='ltr'>nrsromm</span> <span class='ocrx_word' id='word_1_4' title='bbox 612 426 737 462; x_wconf 77' lang='lat' dir='ltr'>carnonam,</span> <span class='ocrx_word' id='word_1_5' title='bbox 751 427 799 454; x_wconf 81' lang='lat' dir='ltr'>ron.</span> <span class='ocrx_word' id='word_1_6' title='bbox 810 427 839 455; x_wconf 84' lang='lat' dir='ltr'>iv.</span> <span class='ocrx_word' id='word_1_7' title='bbox 905 412 954 465; x_wconf 80' lang='lat' dir='ltr'>[mu.</span> <span class='ocrx_word' id='word_1_8' title='bbox 966 423 982 451; x_wconf 87' lang='lat' dir='ltr'>r.</span> 
     </span>
    </p>
   </div>
   <div class='ocr_carea' id='block_1_2' title="bbox 205 519 985 2368">
    <p class='ocr_par' dir='ltr' id='par_1_2' title="bbox 205 519 985 2368">
     <span class='ocr_line' id='line_1_2' title="bbox 207 519 981 568; baseline -0.005 -13"><span class='ocrx_word' id='word_1_9' title='bbox 207 521 273 555; x_wconf 79' lang='lat' dir='ltr'>atinate</span> <span class='ocrx_word' id='word_1_10' title='bbox 288 521 403 558; x_wconf 88' lang='lat' dir='ltr'>renuentibus</span> <span class='ocrx_word' id='word_1_11' title='bbox 417 523 472 566; x_wconf 86' lang='lat' dir='ltr'>(sicut</span> <span class='ocrx_word' id='word_1_12' title='bbox 485 533 496 555; x_wconf 89' lang='lat' dir='ltr'>a</span> <span class='ocrx_word' id='word_1_13' title='bbox 509 526 533 560; x_wconf 87' lang='lat' dir='ltr'>te,</span> <span class='ocrx_word' id='word_1_14' title='bbox 547 521 655 565; x_wconf 89' lang='lat' dir='ltr'>consilioque</span> <span class='ocrx_word' id='word_1_15' title='bbox 667 525 729 554; x_wconf 88' lang='lat' dir='ltr'>nostro</span> <span class='ocrx_word' id='word_1_16' title='bbox 743 522 794 556; x_wconf 90' lang='lat' dir='ltr'>istius</span> <span class='ocrx_word' id='word_1_17' title='bbox 807 522 859 568; x_wconf 83' lang='lat' dir='ltr'>regni</span> <span class='ocrx_word' id='word_1_18' title='bbox 874 519 981 565; x_wconf 88' lang='lat' dir='ltr'>accepimus)</span> 
     </span>
     <span class='ocr_line' id='line_1_3' title="bbox 206 564 981 612; baseline -0.003 -12"><span class='ocrx_word' id='word_1_19' title='bbox 206 566 270 610; x_wconf 87' lang='lat' dir='ltr'>jurare</span> <span class='ocrx_word' id='word_1_20' title='bbox 277 568 398 611; x_wconf 86' lang='lat' dir='ltr'>juramentum</span> <span class='ocrx_word' id='word_1_21' title='bbox 405 568 462 601; x_wconf 81' lang='lat' dir='ltr'>nostri</span> <span class='ocrx_word' id='word_1_22' title='bbox 476 567 585 611; x_wconf 81' lang='lat' dir='ltr'>principatris</span> <span class='ocrx_word' id='word_1_23' title='bbox 593 566 611 600; x_wconf 89' lang='lat' dir='ltr'>in</span> <span class='ocrx_word' id='word_1_24' title='bbox 619 577 639 599; x_wconf 90' lang='lat' dir='ltr'>re</span> <span class='ocrx_word' id='word_1_25' title='bbox 647 565 742 610; x_wconf 71' lang='lat' dir='ltr'>spirituali,</span> <span class='ocrx_word' id='word_1_26' title='bbox 751 571 769 599; x_wconf 89' lang='lat' dir='ltr'>et</span> <span class='ocrx_word' id='word_1_27' title='bbox 776 568 880 612; x_wconf 85' lang='lat' dir='ltr'>temporali:</span> <span class='ocrx_word' id='word_1_28' title='bbox 894 567 916 600; x_wconf 90' lang='lat' dir='ltr'>ad</span> <span class='ocrx_word' id='word_1_29' title='bbox 928 564 981 609; x_wconf 87' lang='lat' dir='ltr'>quod,</span> 
     </span>
     <span class='ocr_line' id='line_1_4' title="bbox 208 611 982 657; baseline -0.004 -12"><span class='ocrx_word' id='word_1_30' title='bbox 208 611 239 645; x_wconf 85' lang='lat' dir='ltr'>ubi</span> <span class='ocrx_word' id='word_1_31' title='bbox 247 613 319 657; x_wconf 80' lang='lat' dir='ltr'>aliquod</span> <span class='ocrx_word' id='word_1_32' title='bbox 326 625 389 647; x_wconf 88' lang='lat' dir='ltr'>munus</span> <span class='ocrx_word' id='word_1_33' title='bbox 397 613 469 651; x_wconf 89' lang='lat' dir='ltr'>obeunt,</span> <span class='ocrx_word' id='word_1_34' title='bbox 482 612 519 645; x_wconf 90' lang='lat' dir='ltr'>suis</span> <span class='ocrx_word' id='word_1_35' title='bbox 532 612 603 645; x_wconf 89' lang='lat' dir='ltr'>statutis</span> <span class='ocrx_word' id='word_1_36' title='bbox 616 611 729 656; x_wconf 81' lang='lat' dir='ltr'>obligantur:</span> <span class='ocrx_word' id='word_1_37' title='bbox 742 611 805 655; x_wconf 89' lang='lat' dir='ltr'>quibus</span> <span class='ocrx_word' id='word_1_38' title='bbox 813 613 885 646; x_wconf 86' lang='lat' dir='ltr'>statutis</span> <span class='ocrx_word' id='word_1_39' title='bbox 893 612 982 654; x_wconf 86' lang='lat' dir='ltr'>obtempe-</span> 
     </span>
     <span class='ocr_line' id='line_1_5' title="bbox 208 654 981 702; baseline -0.003 -13"><span class='ocrx_word' id='word_1_40' title='bbox 208 668 250 690; x_wconf 90' lang='lat' dir='ltr'>rare</span> <span class='ocrx_word' id='word_1_41' title='bbox 266 658 344 691; x_wconf 90' lang='lat' dir='ltr'>nolentes</span> <span class='ocrx_word' id='word_1_42' title='bbox 358 657 485 702; x_wconf 87' lang='lat' dir='ltr'>cujuscumque</span> <span class='ocrx_word' id='word_1_43' title='bbox 498 657 582 696; x_wconf 86' lang='lat' dir='ltr'>muneris,</span> <span class='ocrx_word' id='word_1_44' title='bbox 595 660 614 690; x_wconf 88' lang='lat' dir='ltr'>et</span> <span class='ocrx_word' id='word_1_45' title='bbox 626 656 677 690; x_wconf 84' lang='lat' dir='ltr'>officii</span> <span class='ocrx_word' id='word_1_46' title='bbox 691 656 791 689; x_wconf 88' lang='lat' dir='ltr'>redduntur</span> <span class='ocrx_word' id='word_1_47' title='bbox 805 656 903 701; x_wconf 75' lang='lat' dir='ltr'>incapaces.</span> <span class='ocrx_word' id='word_1_48' title='bbox 927 654 981 689; x_wconf 85' lang='lat' dir='ltr'>Unde</span> 
     </span>
     <span class='ocr_line' id='line_1_6' title="bbox 208 700 981 746; baseline -0.004 -11"><span class='ocrx_word' id='word_1_49' title='bbox 208 702 289 742; x_wconf 82' lang='lat' dir='ltr'>efficitur,</span> <span class='ocrx_word' id='word_1_50' title='bbox 297 706 318 734; x_wconf 89' lang='lat' dir='ltr'>ut</span> <span class='ocrx_word' id='word_1_51' title='bbox 326 702 385 736; x_wconf 82' lang='lat' dir='ltr'>multae</span> <span class='ocrx_word' id='word_1_52' title='bbox 393 714 415 735; x_wconf 81' lang='lat' dir='ltr'>ex</span> <span class='ocrx_word' id='word_1_53' title='bbox 423 702 516 746; x_wconf 78' lang='lat' dir='ltr'>praecipuis</span> <span class='ocrx_word' id='word_1_54' title='bbox 524 701 625 735; x_wconf 78' lang='lat' dir='ltr'>ciuitatibus</span> <span class='ocrx_word' id='word_1_55' title='bbox 633 701 704 743; x_wconf 88' lang='lat' dir='ltr'>nostris,</span> <span class='ocrx_word' id='word_1_56' title='bbox 714 712 788 745; x_wconf 86' lang='lat' dir='ltr'>quarum</span> <span class='ocrx_word' id='word_1_57' title='bbox 796 712 830 745; x_wconf 89' lang='lat' dir='ltr'>pax</span> <span class='ocrx_word' id='word_1_58' title='bbox 837 706 855 734; x_wconf 91' lang='lat' dir='ltr'>et</span> <span class='ocrx_word' id='word_1_59' title='bbox 863 700 981 745; x_wconf 86' lang='lat' dir='ltr'>tranquillitas</span> 
     </span>
     <span class='ocr_line' id='line_1_7' title="bbox 209 746 981 790; baseline -0.001 -11"><span class='ocrx_word' id='word_1_60' title='bbox 209 751 236 780; x_wconf 86' lang='lat' dir='ltr'>est</span> <span class='ocrx_word' id='word_1_61' title='bbox 244 747 293 779; x_wconf 89' lang='lat' dir='ltr'>nobis</span> <span class='ocrx_word' id='word_1_62' title='bbox 301 746 382 781; x_wconf 81' lang='lat' dir='ltr'>maximae</span> <span class='ocrx_word' id='word_1_63' title='bbox 397 758 451 788; x_wconf 84' lang='lat' dir='ltr'>curae,</span> <span class='ocrx_word' id='word_1_64' title='bbox 465 747 500 780; x_wconf 93' lang='lat' dir='ltr'>sint</span> <span class='ocrx_word' id='word_1_65' title='bbox 513 747 601 780; x_wconf 86' lang='lat' dir='ltr'>destitutae</span> <span class='ocrx_word' id='word_1_66' title='bbox 613 746 753 790; x_wconf 82' lang='lat' dir='ltr'>magistratibus,</span> <span class='ocrx_word' id='word_1_67' title='bbox 762 746 792 790; x_wconf 89' lang='lat' dir='ltr'>qui</span> <span class='ocrx_word' id='word_1_68' title='bbox 804 746 889 790; x_wconf 91' lang='lat' dir='ltr'>populum</span> <span class='ocrx_word' id='word_1_69' title='bbox 900 749 981 779; x_wconf 87' lang='lat' dir='ltr'>nostrum</span> 
     </span>
     <span class='ocr_line' id='line_1_8' title="bbox 208 789 981 837; baseline -0.001 -13"><span class='ocrx_word' id='word_1_70' title='bbox 208 796 277 836; x_wconf 84' lang='lat' dir='ltr'>gerant,</span> <span class='ocrx_word' id='word_1_71' title='bbox 286 796 304 824; x_wconf 89' lang='lat' dir='ltr'>et</span> <span class='ocrx_word' id='word_1_72' title='bbox 311 797 381 837; x_wconf 83' lang='lat' dir='ltr'>regant,</span> <span class='ocrx_word' id='word_1_73' title='bbox 389 792 415 826; x_wconf 85' lang='lat' dir='ltr'>ita</span> <span class='ocrx_word' id='word_1_74' title='bbox 422 796 443 825; x_wconf 89' lang='lat' dir='ltr'>nt</span> <span class='ocrx_word' id='word_1_75' title='bbox 456 793 514 825; x_wconf 89' lang='lat' dir='ltr'>multa</span> <span class='ocrx_word' id='word_1_76' title='bbox 527 792 597 833; x_wconf 88' lang='lat' dir='ltr'>delicta,</span> <span class='ocrx_word' id='word_1_77' title='bbox 606 796 624 825; x_wconf 90' lang='lat' dir='ltr'>et</span> <span class='ocrx_word' id='word_1_78' title='bbox 637 791 705 836; x_wconf 83' lang='lat' dir='ltr'>flagitia</span> <span class='ocrx_word' id='word_1_79' title='bbox 718 790 816 825; x_wconf 78' lang='lat' dir='ltr'>incredibili</span> <span class='ocrx_word' id='word_1_80' title='bbox 829 789 904 824; x_wconf 75' lang='lat' dir='ltr'>audacia</span> <span class='ocrx_word' id='word_1_81' title='bbox 916 790 981 835; x_wconf 86' lang='lat' dir='ltr'>passim</span> 
     </span>
     <span class='ocr_line' id='line_1_9' title="bbox 209 834 981 881; baseline -0.003 -11"><span class='ocrx_word' id='word_1_82' title='bbox 209 836 327 870; x_wconf 76' lang='lat' dir='ltr'>admittantur</span> <span class='ocrx_word' id='word_1_83' title='bbox 343 837 379 870; x_wconf 89' lang='lat' dir='ltr'>sine</span> <span class='ocrx_word' id='word_1_84' title='bbox 395 837 477 881; x_wconf 89' lang='lat' dir='ltr'>supplicii</span> <span class='ocrx_word' id='word_1_85' title='bbox 490 841 544 876; x_wconf 86' lang='lat' dir='ltr'>metu,</span> <span class='ocrx_word' id='word_1_86' title='bbox 561 842 579 871; x_wconf 90' lang='lat' dir='ltr'>et</span> <span class='ocrx_word' id='word_1_87' title='bbox 594 836 724 870; x_wconf 81' lang='lat' dir='ltr'>existimatione</span> <span class='ocrx_word' id='word_1_88' title='bbox 738 840 804 870; x_wconf 87' lang='lat' dir='ltr'>nostrae</span> <span class='ocrx_word' id='word_1_89' title='bbox 825 834 981 869; x_wconf 79' lang='lat' dir='ltr'>administrationis</span> 
     </span>
     <span class='ocr_line' id='line_1_10' title="bbox 209 880 981 926; baseline -0.001 -13"><span class='ocrx_word' id='word_1_90' title='bbox 209 881 305 914; x_wconf 76' lang='lat' dir='ltr'>diminuta:</span> <span class='ocrx_word' id='word_1_91' title='bbox 326 893 365 926; x_wconf 82' lang='lat' dir='ltr'>quae</span> <span class='ocrx_word' id='word_1_92' title='bbox 379 883 438 915; x_wconf 90' lang='lat' dir='ltr'>omnia</span> <span class='ocrx_word' id='word_1_93' title='bbox 450 893 512 916; x_wconf 88' lang='lat' dir='ltr'>recens</span> <span class='ocrx_word' id='word_1_94' title='bbox 520 882 583 915; x_wconf 87' lang='lat' dir='ltr'>seditio</span> <span class='ocrx_word' id='word_1_95' title='bbox 597 881 685 926; x_wconf 69' lang='lat' dir='ltr'>Manapia</span> <span class='ocrx_word' id='word_1_96' title='bbox 701 883 776 925; x_wconf 90' lang='lat' dir='ltr'>prohat:</span> <span class='ocrx_word' id='word_1_97' title='bbox 789 881 837 914; x_wconf 87' lang='lat' dir='ltr'>etin</span> <span class='ocrx_word' id='word_1_98' title='bbox 848 880 981 926; x_wconf 85' lang='lat' dir='ltr'>magistratibus</span> 
     </span>
     <span class='ocr_line' id='line_1_11' title="bbox 209 924 981 972; baseline -0.001 -14"><span class='ocrx_word' id='word_1_99' title='bbox 209 926 288 959; x_wconf 78' lang='lat' dir='ltr'>creandis</span> <span class='ocrx_word' id='word_1_100' title='bbox 298 927 346 968; x_wconf 91' lang='lat' dir='ltr'>(cum</span> <span class='ocrx_word' id='word_1_101' title='bbox 354 929 409 960; x_wconf 86' lang='lat' dir='ltr'>creati</span> <span class='ocrx_word' id='word_1_102' title='bbox 422 927 529 972; x_wconf 86' lang='lat' dir='ltr'>magistratu</span> <span class='ocrx_word' id='word_1_103' title='bbox 537 927 648 966; x_wconf 84' lang='lat' dir='ltr'>abdicantur,</span> <span class='ocrx_word' id='word_1_104' title='bbox 657 927 705 971; x_wconf 89' lang='lat' dir='ltr'>quod</span> <span class='ocrx_word' id='word_1_105' title='bbox 720 927 783 961; x_wconf 89' lang='lat' dir='ltr'>nolunt</span> <span class='ocrx_word' id='word_1_106' title='bbox 788 926 850 970; x_wconf 87' lang='lat' dir='ltr'>jurare</span> <span class='ocrx_word' id='word_1_107' title='bbox 859 925 926 959; x_wconf 89' lang='lat' dir='ltr'>dictum</span> <span class='ocrx_word' id='word_1_108' title='bbox 931 924 981 967; x_wconf 87' lang='lat' dir='ltr'>jura-</span> 
     </span>
     <span class='ocr_line' id='line_1_12' title="bbox 208 970 981 1016; baseline -0.001 -13"><span class='ocrx_word' id='word_1_109' title='bbox 208 975 287 1004; x_wconf 86' lang='lat' dir='ltr'>mentum</span> <span class='ocrx_word' id='word_1_110' title='bbox 299 971 372 1005; x_wconf 84' lang='lat' dir='ltr'>dominii</span> <span class='ocrx_word' id='word_1_111' title='bbox 379 972 436 1006; x_wconf 89' lang='lat' dir='ltr'>nostri</span> <span class='ocrx_word' id='word_1_112' title='bbox 449 977 489 1006; x_wconf 90' lang='lat' dir='ltr'>tum</span> <span class='ocrx_word' id='word_1_113' title='bbox 502 972 520 1004; x_wconf 92' lang='lat' dir='ltr'>in</span> <span class='ocrx_word' id='word_1_114' title='bbox 534 972 627 1016; x_wconf 90' lang='lat' dir='ltr'>spirituali,</span> <span class='ocrx_word' id='word_1_115' title='bbox 640 976 680 1005; x_wconf 88' lang='lat' dir='ltr'>tum</span> <span class='ocrx_word' id='word_1_116' title='bbox 692 972 712 1004; x_wconf 92' lang='lat' dir='ltr'>in</span> <span class='ocrx_word' id='word_1_117' title='bbox 725 970 824 1015; x_wconf 88' lang='lat' dir='ltr'>temporali,</span> <span class='ocrx_word' id='word_1_118' title='bbox 833 971 880 1015; x_wconf 91' lang='lat' dir='ltr'>quod</span> <span class='ocrx_word' id='word_1_119' title='bbox 893 970 981 1003; x_wconf 89' lang='lat' dir='ltr'>tamenin</span> 
     </span>
     <span class='ocr_line' id='line_1_13' title="bbox 209 1015 982 1061; baseline -0.001 -13"><span class='ocrx_word' id='word_1_120' title='bbox 209 1016 293 1049; x_wconf 88' lang='lat' dir='ltr'>similibus</span> <span class='ocrx_word' id='word_1_121' title='bbox 302 1018 371 1051; x_wconf 87' lang='lat' dir='ltr'>casibus</span> <span class='ocrx_word' id='word_1_122' title='bbox 376 1017 439 1061; x_wconf 82' lang='lat' dir='ltr'>jurare</span> <span class='ocrx_word' id='word_1_123' title='bbox 448 1018 543 1061; x_wconf 86' lang='lat' dir='ltr'>debebant)</span> <span class='ocrx_word' id='word_1_124' title='bbox 551 1017 632 1061; x_wconf 88' lang='lat' dir='ltr'>pervenit</span> <span class='ocrx_word' id='word_1_125' title='bbox 639 1017 662 1050; x_wconf 89' lang='lat' dir='ltr'>ad</span> <span class='ocrx_word' id='word_1_126' title='bbox 669 1027 709 1060; x_wconf 79' lang='lat' dir='ltr'>nos,</span> <span class='ocrx_word' id='word_1_127' title='bbox 717 1027 746 1050; x_wconf 91' lang='lat' dir='ltr'>eos</span> <span class='ocrx_word' id='word_1_128' title='bbox 754 1017 781 1050; x_wconf 90' lang='lat' dir='ltr'>nti</span> <span class='ocrx_word' id='word_1_129' title='bbox 789 1016 864 1057; x_wconf 84' lang='lat' dir='ltr'>artibus,</span> <span class='ocrx_word' id='word_1_130' title='bbox 872 1020 890 1048; x_wconf 95' lang='lat' dir='ltr'>et</span> <span class='ocrx_word' id='word_1_131' title='bbox 898 1015 949 1056; x_wconf 86' lang='lat' dir='ltr'>dolis,</span> <span class='ocrx_word' id='word_1_132' title='bbox 961 1019 982 1047; x_wconf 89' lang='lat' dir='ltr'>ut</span> 
     </span>
     <span class='ocr_line' id='line_1_14' title="bbox 209 1059 983 1107; baseline -0.003 -13"><span class='ocrx_word' id='word_1_133' title='bbox 209 1060 266 1101; x_wconf 87' lang='lat' dir='ltr'>aliter,</span> <span class='ocrx_word' id='word_1_134' title='bbox 274 1073 327 1106; x_wconf 85' lang='lat' dir='ltr'>quam</span> <span class='ocrx_word' id='word_1_135' title='bbox 335 1063 452 1096; x_wconf 87' lang='lat' dir='ltr'>constitutum</span> <span class='ocrx_word' id='word_1_136' title='bbox 459 1067 493 1105; x_wconf 77' lang='lat' dir='ltr'>est,</span> <span class='ocrx_word' id='word_1_137' title='bbox 502 1062 568 1107; x_wconf 85' lang='lat' dir='ltr'>eligant</span> <span class='ocrx_word' id='word_1_138' title='bbox 575 1062 695 1107; x_wconf 78' lang='lat' dir='ltr'>magistratus.</span> <span class='ocrx_word' id='word_1_139' title='bbox 722 1061 810 1101; x_wconf 76' lang='lat' dir='ltr'>Quoniam</span> <span class='ocrx_word' id='word_1_140' title='bbox 816 1060 907 1094; x_wconf 85' lang='lat' dir='ltr'>interdum</span> <span class='ocrx_word' id='word_1_141' title='bbox 918 1059 983 1104; x_wconf 86' lang='lat' dir='ltr'>magis-</span> 
     </span>
     <span class='ocr_line' id='line_1_15' title="bbox 209 1105 983 1152; baseline 0 -14"><span class='ocrx_word' id='word_1_142' title='bbox 209 1105 265 1138; x_wconf 89' lang='lat' dir='ltr'>tratui</span> <span class='ocrx_word' id='word_1_143' title='bbox 272 1107 371 1151; x_wconf 82' lang='lat' dir='ltr'>praeficiunt</span> <span class='ocrx_word' id='word_1_144' title='bbox 378 1108 454 1152; x_wconf 87' lang='lat' dir='ltr'>aliquem</span> <span class='ocrx_word' id='word_1_145' title='bbox 462 1107 520 1141; x_wconf 88' lang='lat' dir='ltr'>virum</span> <span class='ocrx_word' id='word_1_146' title='bbox 534 1119 555 1141; x_wconf 90' lang='lat' dir='ltr'>ex</span> <span class='ocrx_word' id='word_1_147' title='bbox 569 1107 621 1151; x_wconf 82' lang='lat' dir='ltr'>regni</span> <span class='ocrx_word' id='word_1_148' title='bbox 631 1107 726 1146; x_wconf 90' lang='lat' dir='ltr'>nobilibus,</span> <span class='ocrx_word' id='word_1_149' title='bbox 734 1107 823 1140; x_wconf 87' lang='lat' dir='ltr'>interdum</span> <span class='ocrx_word' id='word_1_150' title='bbox 830 1106 907 1150; x_wconf 87' lang='lat' dir='ltr'>aliquem</span> <span class='ocrx_word' id='word_1_151' title='bbox 914 1106 983 1139; x_wconf 88' lang='lat' dir='ltr'>audito-</span> 
     </span>
     <span class='ocr_line' id='line_1_16' title="bbox 208 1150 984 1195; baseline -0.001 -12"><span class='ocrx_word' id='word_1_152' title='bbox 208 1161 252 1192; x_wconf 85' lang='lat' dir='ltr'>rem,</span> <span class='ocrx_word' id='word_1_153' title='bbox 260 1152 288 1185; x_wconf 91' lang='lat' dir='ltr'>vel</span> <span class='ocrx_word' id='word_1_154' title='bbox 296 1152 416 1186; x_wconf 88' lang='lat' dir='ltr'>consiliarium</span> <span class='ocrx_word' id='word_1_155' title='bbox 429 1153 487 1186; x_wconf 87' lang='lat' dir='ltr'>nostri</span> <span class='ocrx_word' id='word_1_156' title='bbox 500 1152 568 1186; x_wconf 88' lang='lat' dir='ltr'>consilii</span> <span class='ocrx_word' id='word_1_157' title='bbox 579 1152 626 1191; x_wconf 88' lang='lat' dir='ltr'>istie,</span> <span class='ocrx_word' id='word_1_158' title='bbox 639 1153 668 1195; x_wconf 88' lang='lat' dir='ltr'>qui</span> <span class='ocrx_word' id='word_1_159' title='bbox 680 1152 723 1185; x_wconf 85' lang='lat' dir='ltr'>civis</span> <span class='ocrx_word' id='word_1_160' title='bbox 734 1163 770 1185; x_wconf 90' lang='lat' dir='ltr'>non</span> <span class='ocrx_word' id='word_1_161' title='bbox 778 1152 807 1184; x_wconf 87' lang='lat' dir='ltr'>sit.</span> <span class='ocrx_word' id='word_1_162' title='bbox 831 1151 913 1195; x_wconf 88' lang='lat' dir='ltr'>Denique</span> <span class='ocrx_word' id='word_1_163' title='bbox 921 1150 935 1183; x_wconf 88' lang='lat' dir='ltr'>si</span> <span class='ocrx_word' id='word_1_164' title='bbox 943 1154 984 1195; x_wconf 86' lang='lat' dir='ltr'>post</span> 
     </span>
     <span class='ocr_line' id='line_1_17' title="bbox 209 1196 985 1242; baseline 0 -14"><span class='ocrx_word' id='word_1_165' title='bbox 209 1196 266 1229; x_wconf 85' lang='lat' dir='ltr'>varias</span> <span class='ocrx_word' id='word_1_166' title='bbox 280 1196 382 1241; x_wconf 87' lang='lat' dir='ltr'>hujusmodi</span> <span class='ocrx_word' id='word_1_167' title='bbox 397 1209 462 1237; x_wconf 88' lang='lat' dir='ltr'>moras,</span> <span class='ocrx_word' id='word_1_168' title='bbox 476 1202 530 1242; x_wconf 88' lang='lat' dir='ltr'>atque</span> <span class='ocrx_word' id='word_1_169' title='bbox 544 1197 683 1231; x_wconf 85' lang='lat' dir='ltr'>machinationes</span> <span class='ocrx_word' id='word_1_170' title='bbox 699 1197 755 1230; x_wconf 83' lang='lat' dir='ltr'>civem</span> <span class='ocrx_word' id='word_1_171' title='bbox 769 1197 834 1241; x_wconf 83' lang='lat' dir='ltr'>eligere</span> <span class='ocrx_word' id='word_1_172' title='bbox 850 1196 985 1239; x_wconf 82' lang='lat' dir='ltr'>compellantur,</span> 
     </span>
     <span class='ocr_line' id='line_1_18' title="bbox 209 1241 984 1286; baseline -0.001 -12"><span class='ocrx_word' id='word_1_173' title='bbox 209 1252 281 1284; x_wconf 86' lang='lat' dir='ltr'>operam</span> <span class='ocrx_word' id='word_1_174' title='bbox 289 1253 358 1286; x_wconf 81' lang='lat' dir='ltr'>semper</span> <span class='ocrx_word' id='word_1_175' title='bbox 367 1243 415 1282; x_wconf 88' lang='lat' dir='ltr'>dant,</span> <span class='ocrx_word' id='word_1_176' title='bbox 423 1247 444 1275; x_wconf 90' lang='lat' dir='ltr'>ut</span> <span class='ocrx_word' id='word_1_177' title='bbox 452 1242 466 1275; x_wconf 85' lang='lat' dir='ltr'>is</span> <span class='ocrx_word' id='word_1_178' title='bbox 475 1244 498 1276; x_wconf 88' lang='lat' dir='ltr'>sit</span> <span class='ocrx_word' id='word_1_179' title='bbox 506 1243 598 1281; x_wconf 88' lang='lat' dir='ltr'>obscurus,</span> <span class='ocrx_word' id='word_1_180' title='bbox 606 1242 677 1275; x_wconf 90' lang='lat' dir='ltr'>humilis</span> <span class='ocrx_word' id='word_1_181' title='bbox 686 1246 705 1275; x_wconf 92' lang='lat' dir='ltr'>et</span> <span class='ocrx_word' id='word_1_182' title='bbox 711 1242 767 1286; x_wconf 85' lang='lat' dir='ltr'>impar</span> <span class='ocrx_word' id='word_1_183' title='bbox 776 1242 825 1275; x_wconf 87' lang='lat' dir='ltr'>oneri</span> <span class='ocrx_word' id='word_1_184' title='bbox 833 1245 920 1285; x_wconf 77' lang='lat' dir='ltr'>suscepta</span> <span class='ocrx_word' id='word_1_185' title='bbox 928 1241 984 1285; x_wconf 74' lang='lat' dir='ltr'>‹ligni-</span> 
     </span>
     <span class='ocr_line' id='line_1_19' title="bbox 208 1286 984 1332; baseline 0.001 -15"><span class='ocrx_word' id='word_1_186' title='bbox 208 1286 257 1325; x_wconf 89' lang='lat' dir='ltr'>tatis,</span> <span class='ocrx_word' id='word_1_187' title='bbox 265 1292 283 1320; x_wconf 90' lang='lat' dir='ltr'>et</span> <span class='ocrx_word' id='word_1_188' title='bbox 291 1288 386 1331; x_wconf 85' lang='lat' dir='ltr'>prouinciae</span> <span class='ocrx_word' id='word_1_189' title='bbox 394 1287 503 1322; x_wconf 87' lang='lat' dir='ltr'>sustinendo.</span> <span class='ocrx_word' id='word_1_190' title='bbox 528 1287 564 1320; x_wconf 91' lang='lat' dir='ltr'>Vel</span> <span class='ocrx_word' id='word_1_191' title='bbox 577 1288 692 1332; x_wconf 80' lang='lat' dir='ltr'>magistratus</span> <span class='ocrx_word' id='word_1_192' title='bbox 707 1286 780 1331; x_wconf 81' lang='lat' dir='ltr'>singulis</span> <span class='ocrx_word' id='word_1_193' title='bbox 788 1287 837 1320; x_wconf 87' lang='lat' dir='ltr'>annis</span> <span class='ocrx_word' id='word_1_194' title='bbox 845 1297 881 1319; x_wconf 92' lang='lat' dir='ltr'>non</span> <span class='ocrx_word' id='word_1_195' title='bbox 889 1290 984 1324; x_wconf 88' lang='lat' dir='ltr'>mutantes,</span> 
     </span>
     <span class='ocr_line' id='line_1_20' title="bbox 208 1331 983 1377; baseline 0.001 -14"><span class='ocrx_word' id='word_1_196' title='bbox 208 1335 230 1363; x_wconf 87' lang='lat' dir='ltr'>ut</span> <span class='ocrx_word' id='word_1_197' title='bbox 237 1342 286 1364; x_wconf 86' lang='lat' dir='ltr'>more</span> <span class='ocrx_word' id='word_1_198' title='bbox 294 1337 364 1366; x_wconf 87' lang='lat' dir='ltr'>mutare</span> <span class='ocrx_word' id='word_1_199' title='bbox 372 1337 461 1372; x_wconf 85' lang='lat' dir='ltr'>tenentur,</span> <span class='ocrx_word' id='word_1_200' title='bbox 469 1344 530 1372; x_wconf 86' lang='lat' dir='ltr'>unum,</span> <span class='ocrx_word' id='word_1_201' title='bbox 539 1333 606 1366; x_wconf 87' lang='lat' dir='ltr'>duosve</span> <span class='ocrx_word' id='word_1_202' title='bbox 616 1332 691 1377; x_wconf 87' lang='lat' dir='ltr'>publicis</span> <span class='ocrx_word' id='word_1_203' title='bbox 699 1332 802 1365; x_wconf 89' lang='lat' dir='ltr'>muneribus</span> <span class='ocrx_word' id='word_1_204' title='bbox 809 1331 875 1364; x_wconf 84' lang='lat' dir='ltr'>habent</span> <span class='ocrx_word' id='word_1_205' title='bbox 883 1331 983 1375; x_wconf 83' lang='lat' dir='ltr'>praefectos,</span> 
     </span>
     <span class='ocr_line' id='line_1_21' title="bbox 208 1377 980 1421; baseline 0.001 -13"><span class='ocrx_word' id='word_1_206' title='bbox 208 1387 252 1419; x_wconf 87' lang='lat' dir='ltr'>quos</span> <span class='ocrx_word' id='word_1_207' title='bbox 260 1377 371 1411; x_wconf 85' lang='lat' dir='ltr'>arbitrantur</span> <span class='ocrx_word' id='word_1_208' title='bbox 383 1378 455 1411; x_wconf 87' lang='lat' dir='ltr'>idoneos</span> <span class='ocrx_word' id='word_1_209' title='bbox 468 1379 492 1411; x_wconf 88' lang='lat' dir='ltr'>ad</span> <span class='ocrx_word' id='word_1_210' title='bbox 505 1378 647 1411; x_wconf 83' lang='lat' dir='ltr'>satisfaciendum</span> <span class='ocrx_word' id='word_1_211' title='bbox 657 1377 713 1420; x_wconf 86' lang='lat' dir='ltr'>jussis</span> <span class='ocrx_word' id='word_1_212' title='bbox 726 1377 790 1421; x_wconf 82' lang='lat' dir='ltr'>legum,</span> <span class='ocrx_word' id='word_1_213' title='bbox 799 1380 852 1421; x_wconf 86' lang='lat' dir='ltr'>atque</span> <span class='ocrx_word' id='word_1_214' title='bbox 865 1381 980 1409; x_wconf 65' lang='lat' dir='ltr'>statutorum,</span> 
     </span>
     <span class='ocr_line' id='line_1_22' title="bbox 210 1420 981 1467; baseline 0 -13"><span class='ocrx_word' id='word_1_215' title='bbox 210 1421 259 1460; x_wconf 69' lang='lat' dir='ltr'>Quas</span> <span class='ocrx_word' id='word_1_216' title='bbox 266 1433 320 1455; x_wconf 84' lang='lat' dir='ltr'>vanas</span> <span class='ocrx_word' id='word_1_217' title='bbox 332 1434 394 1467; x_wconf 79' lang='lat' dir='ltr'>nugas,</span> <span class='ocrx_word' id='word_1_218' title='bbox 407 1427 461 1466; x_wconf 87' lang='lat' dir='ltr'>atque</span> <span class='ocrx_word' id='word_1_219' title='bbox 473 1434 538 1462; x_wconf 88' lang='lat' dir='ltr'>moras,</span> <span class='ocrx_word' id='word_1_220' title='bbox 552 1434 593 1456; x_wconf 92' lang='lat' dir='ltr'>cum</span> <span class='ocrx_word' id='word_1_221' title='bbox 606 1423 702 1456; x_wconf 83' lang='lat' dir='ltr'>eorundem</span> <span class='ocrx_word' id='word_1_222' title='bbox 716 1422 791 1466; x_wconf 82' lang='lat' dir='ltr'>antiquis</span> <span class='ocrx_word' id='word_1_223' title='bbox 805 1422 877 1454; x_wconf 89' lang='lat' dir='ltr'>statutis</span> <span class='ocrx_word' id='word_1_224' title='bbox 885 1420 981 1455; x_wconf 78' lang='lat' dir='ltr'>clarissime</span> 
     </span>
     <span class='ocr_line' id='line_1_23' title="bbox 208 1467 981 1512; baseline 0.001 -13"><span class='ocrx_word' id='word_1_225' title='bbox 208 1471 314 1510; x_wconf 85' lang='lat' dir='ltr'>repugnent,</span> <span class='ocrx_word' id='word_1_226' title='bbox 322 1479 363 1505; x_wconf 89' lang='lat' dir='ltr'>non,</span> <span class='ocrx_word' id='word_1_227' title='bbox 376 1468 411 1501; x_wconf 88' lang='lat' dir='ltr'>nisi</span> <span class='ocrx_word' id='word_1_228' title='bbox 424 1479 457 1512; x_wconf 83' lang='lat' dir='ltr'>pro</span> <span class='ocrx_word' id='word_1_229' title='bbox 471 1468 565 1501; x_wconf 86' lang='lat' dir='ltr'>manifesto</span> <span class='ocrx_word' id='word_1_230' title='bbox 579 1472 640 1501; x_wconf 88' lang='lat' dir='ltr'>nostro</span> <span class='ocrx_word' id='word_1_231' title='bbox 655 1473 764 1511; x_wconf 87' lang='lat' dir='ltr'>contemptu,</span> <span class='ocrx_word' id='word_1_232' title='bbox 773 1472 790 1501; x_wconf 93' lang='lat' dir='ltr'>et</span> <span class='ocrx_word' id='word_1_233' title='bbox 805 1467 916 1510; x_wconf 88' lang='lat' dir='ltr'>despectione</span> <span class='ocrx_word' id='word_1_234' title='bbox 927 1467 981 1511; x_wconf 83' lang='lat' dir='ltr'>regiae</span> 
     </span>
     <span class='ocr_line' id='line_1_24' title="bbox 209 1513 982 1556; baseline 0.001 -12"><span class='ocrx_word' id='word_1_235' title='bbox 209 1516 274 1544; x_wconf 84' lang='lat' dir='ltr'>nostrae</span> <span class='ocrx_word' id='word_1_236' title='bbox 288 1513 400 1545; x_wconf 83' lang='lat' dir='ltr'>auctoritatis</span> <span class='ocrx_word' id='word_1_237' title='bbox 413 1513 514 1556; x_wconf 88' lang='lat' dir='ltr'>accipimus.</span> <span class='ocrx_word' id='word_1_238' title='bbox 545 1513 602 1556; x_wconf 74' lang='lat' dir='ltr'>Cujus</span> <span class='ocrx_word' id='word_1_239' title='bbox 616 1513 642 1546; x_wconf 88' lang='lat' dir='ltr'>rei</span> <span class='ocrx_word' id='word_1_240' title='bbox 655 1513 766 1551; x_wconf 87' lang='lat' dir='ltr'>medicinam,</span> <span class='ocrx_word' id='word_1_241' title='bbox 781 1513 924 1556; x_wconf 87' lang='lat' dir='ltr'>curationemque</span> <span class='ocrx_word' id='word_1_242' title='bbox 940 1513 982 1556; x_wconf 88' lang='lat' dir='ltr'>quia</span> 
     </span>
     <span class='ocr_line' id='line_1_25' title="bbox 208 1556 981 1602; baseline 0.001 -13"><span class='ocrx_word' id='word_1_243' title='bbox 208 1557 265 1601; x_wconf 85' lang='lat' dir='ltr'>magis</span> <span class='ocrx_word' id='word_1_244' title='bbox 278 1557 360 1590; x_wconf 89' lang='lat' dir='ltr'>nolumus</span> <span class='ocrx_word' id='word_1_245' title='bbox 373 1558 451 1597; x_wconf 79' lang='lat' dir='ltr'>differre,</span> <span class='ocrx_word' id='word_1_246' title='bbox 464 1558 533 1597; x_wconf 84' lang='lat' dir='ltr'>scitote,</span> <span class='ocrx_word' id='word_1_247' title='bbox 545 1558 614 1602; x_wconf 90' lang='lat' dir='ltr'>quoties</span> <span class='ocrx_word' id='word_1_248' title='bbox 626 1558 741 1601; x_wconf 84' lang='lat' dir='ltr'>imposterum</span> <span class='ocrx_word' id='word_1_249' title='bbox 755 1556 900 1596; x_wconf 83' lang='lat' dir='ltr'>intellexerimus,</span> <span class='ocrx_word' id='word_1_250' title='bbox 914 1557 981 1602; x_wconf 89' lang='lat' dir='ltr'>aliquas</span> 
     </span>
     <span class='ocr_line' id='line_1_26' title="bbox 209 1601 982 1647; baseline 0.001 -13"><span class='ocrx_word' id='word_1_251' title='bbox 209 1601 268 1640; x_wconf 87' lang='lat' dir='ltr'>urbes,</span> <span class='ocrx_word' id='word_1_252' title='bbox 275 1602 356 1645; x_wconf 83' lang='lat' dir='ltr'>aliquave</span> <span class='ocrx_word' id='word_1_253' title='bbox 364 1602 428 1646; x_wconf 87' lang='lat' dir='ltr'>oppida</span> <span class='ocrx_word' id='word_1_254' title='bbox 436 1613 457 1635; x_wconf 92' lang='lat' dir='ltr'>ex</span> <span class='ocrx_word' id='word_1_255' title='bbox 465 1603 504 1636; x_wconf 88' lang='lat' dir='ltr'>istis</span> <span class='ocrx_word' id='word_1_256' title='bbox 518 1603 584 1636; x_wconf 87' lang='lat' dir='ltr'>nostris</span> <span class='ocrx_word' id='word_1_257' title='bbox 599 1602 671 1635; x_wconf 87' lang='lat' dir='ltr'>destitui</span> <span class='ocrx_word' id='word_1_258' title='bbox 684 1602 823 1647; x_wconf 83' lang='lat' dir='ltr'>magistratibus,</span> <span class='ocrx_word' id='word_1_259' title='bbox 831 1613 875 1646; x_wconf 87' lang='lat' dir='ltr'>quos</span> <span class='ocrx_word' id='word_1_260' title='bbox 884 1603 906 1636; x_wconf 88' lang='lat' dir='ltr'>ad</span> <span class='ocrx_word' id='word_1_261' title='bbox 913 1608 982 1637; x_wconf 88' lang='lat' dir='ltr'>rectam</span> 
     </span>
     <span class='ocr_line' id='line_1_27' title="bbox 208 1646 981 1691; baseline 0.001 -12"><span class='ocrx_word' id='word_1_262' title='bbox 208 1646 269 1690; x_wconf 89' lang='lat' dir='ltr'>populi</span> <span class='ocrx_word' id='word_1_263' title='bbox 277 1647 335 1679; x_wconf 91' lang='lat' dir='ltr'>nostri</span> <span class='ocrx_word' id='word_1_264' title='bbox 343 1647 513 1681; x_wconf 87' lang='lat' dir='ltr'>administrationem</span> <span class='ocrx_word' id='word_1_265' title='bbox 520 1648 616 1691; x_wconf 82' lang='lat' dir='ltr'>diplomata</span> <span class='ocrx_word' id='word_1_266' title='bbox 621 1647 685 1690; x_wconf 82' lang='lat' dir='ltr'>jubent</span> <span class='ocrx_word' id='word_1_267' title='bbox 694 1658 760 1686; x_wconf 90' lang='lat' dir='ltr'>creare,</span> <span class='ocrx_word' id='word_1_268' title='bbox 768 1648 796 1680; x_wconf 87' lang='lat' dir='ltr'>vel</span> <span class='ocrx_word' id='word_1_269' title='bbox 804 1647 911 1680; x_wconf 82' lang='lat' dir='ltr'>creationem</span> <span class='ocrx_word' id='word_1_270' title='bbox 919 1658 981 1681; x_wconf 87' lang='lat' dir='ltr'>eorum</span> 
     </span>
     <span class='ocr_line' id='line_1_28' title="bbox 208 1692 982 1734; baseline 0.003 -11"><span class='ocrx_word' id='word_1_271' title='bbox 208 1692 309 1724; x_wconf 88' lang='lat' dir='ltr'>studuerint</span> <span class='ocrx_word' id='word_1_272' title='bbox 317 1692 388 1725; x_wconf 80' lang='lat' dir='ltr'>differre</span> <span class='ocrx_word' id='word_1_273' title='bbox 397 1692 449 1725; x_wconf 89' lang='lat' dir='ltr'>dictis</span> <span class='ocrx_word' id='word_1_274' title='bbox 457 1692 572 1726; x_wconf 90' lang='lat' dir='ltr'>electionibus</span> <span class='ocrx_word' id='word_1_275' title='bbox 586 1692 651 1725; x_wconf 90' lang='lat' dir='ltr'>dolosis</span> <span class='ocrx_word' id='word_1_276' title='bbox 656 1706 662 1734; x_wconf 80' lang='lat'><em>3</em></span> <span class='ocrx_word' id='word_1_277' title='bbox 675 1693 726 1726; x_wconf 92' lang='lat' dir='ltr'>nobis</span> <span class='ocrx_word' id='word_1_278' title='bbox 740 1692 855 1726; x_wconf 89' lang='lat' dir='ltr'>deliberatum</span> <span class='ocrx_word' id='word_1_279' title='bbox 864 1703 906 1730; x_wconf 87' lang='lat' dir='ltr'>esse,</span> <span class='ocrx_word' id='word_1_280' title='bbox 917 1693 982 1731; x_wconf 88' lang='lat' dir='ltr'>delere,</span> 
     </span>
     <span class='ocr_line' id='line_1_29' title="bbox 207 1736 981 1781; baseline 0.003 -12"><span class='ocrx_word' id='word_1_281' title='bbox 207 1736 290 1780; x_wconf 87' lang='lat' dir='ltr'>nullaque</span> <span class='ocrx_word' id='word_1_282' title='bbox 299 1736 358 1769; x_wconf 88' lang='lat' dir='ltr'>dicere</span> <span class='ocrx_word' id='word_1_283' title='bbox 367 1742 432 1770; x_wconf 88' lang='lat' dir='ltr'>cuncta</span> <span class='ocrx_word' id='word_1_284' title='bbox 444 1737 537 1781; x_wconf 84' lang='lat' dir='ltr'>privilegia</span> <span class='ocrx_word' id='word_1_285' title='bbox 550 1748 633 1770; x_wconf 87' lang='lat' dir='ltr'>concessa</span> <span class='ocrx_word' id='word_1_286' title='bbox 644 1736 724 1776; x_wconf 84' lang='lat' dir='ltr'>urbibus,</span> <span class='ocrx_word' id='word_1_287' title='bbox 733 1742 751 1770; x_wconf 87' lang='lat' dir='ltr'>et</span> <span class='ocrx_word' id='word_1_288' title='bbox 759 1737 827 1781; x_wconf 90' lang='lat' dir='ltr'>oppidis</span> <span class='ocrx_word' id='word_1_289' title='bbox 834 1737 869 1770; x_wconf 91' lang='lat' dir='ltr'>hoc</span> <span class='ocrx_word' id='word_1_290' title='bbox 877 1737 944 1772; x_wconf 86' lang='lat' dir='ltr'>crimen</span> <span class='ocrx_word' id='word_1_291' title='bbox 955 1738 981 1771; x_wconf 93' lang='lat' dir='ltr'>in-</span> 
     </span>
     <span class='ocr_line' id='line_1_30' title="bbox 207 1781 982 1827; baseline 0.003 -13"><span class='ocrx_word' id='word_1_292' title='bbox 207 1781 326 1821; x_wconf 86' lang='lat' dir='ltr'>currentibus,</span> <span class='ocrx_word' id='word_1_293' title='bbox 334 1781 402 1826; x_wconf 83' lang='lat' dir='ltr'>illisque</span> <span class='ocrx_word' id='word_1_294' title='bbox 415 1793 437 1815; x_wconf 79' lang='lat' dir='ltr'>ex·</span> <span class='ocrx_word' id='word_1_295' title='bbox 450 1782 525 1815; x_wconf 82' lang='lat' dir='ltr'>arbitrio</span> <span class='ocrx_word' id='word_1_296' title='bbox 538 1787 600 1815; x_wconf 87' lang='lat' dir='ltr'>nostro</span> <span class='ocrx_word' id='word_1_297' title='bbox 614 1782 722 1815; x_wconf 87' lang='lat' dir='ltr'>constituere</span> <span class='ocrx_word' id='word_1_298' title='bbox 734 1783 855 1826; x_wconf 82' lang='lat' dir='ltr'>magistratus,</span> <span class='ocrx_word' id='word_1_299' title='bbox 869 1786 888 1815; x_wconf 91' lang='lat' dir='ltr'>et</span> <span class='ocrx_word' id='word_1_300' title='bbox 899 1783 982 1827; x_wconf 88' lang='lat' dir='ltr'>quiacle-</span> 
     </span>
     <span class='ocr_line' id='line_1_31' title="bbox 206 1825 981 1867; baseline 0.004 -8"><span class='ocrx_word' id='word_1_301' title='bbox 206 1825 273 1859; x_wconf 68' lang='lat' dir='ltr'>montib</span> <span class='ocrx_word' id='word_1_302' title='bbox 279 1829 342 1860; x_wconf 74' lang='lat' dir='ltr'>nostra</span> <span class='ocrx_word' id='word_1_303' title='bbox 349 1826 418 1860; x_wconf 85' lang='lat' dir='ltr'>incitati</span> <span class='ocrx_word' id='word_1_304' title='bbox 427 1827 503 1861; x_wconf 87' lang='lat' dir='ltr'>diximus</span> <span class='ocrx_word' id='word_1_305' title='bbox 516 1826 556 1860; x_wconf 89' lang='lat' dir='ltr'>illos</span> <span class='ocrx_word' id='word_1_306' title='bbox 568 1827 647 1860; x_wconf 88' lang='lat' dir='ltr'>homines</span> <span class='ocrx_word' id='word_1_307' title='bbox 660 1827 779 1860; x_wconf 89' lang='lat' dir='ltr'>admonendos</span> <span class='ocrx_word' id='word_1_308' title='bbox 788 1827 809 1860; x_wconf 89' lang='lat' dir='ltr'>de</span> <span class='ocrx_word' id='word_1_309' title='bbox 817 1828 850 1860; x_wconf 73' lang='lat' dir='ltr'>sua</span> <span class='ocrx_word' id='word_1_310' title='bbox 857 1827 981 1867; x_wconf 72' lang='lat' dir='ltr'>inobedientid,</span> 
     </span>
     <span class='ocr_line' id='line_1_32' title="bbox 207 1871 981 1917; baseline 0.003 -12"><span class='ocrx_word' id='word_1_311' title='bbox 207 1876 225 1905; x_wconf 85' lang='lat' dir='ltr'>et</span> <span class='ocrx_word' id='word_1_312' title='bbox 234 1871 370 1911; x_wconf 75' lang='lat' dir='ltr'>deconcordia,</span> <span class='ocrx_word' id='word_1_313' title='bbox 384 1883 437 1916; x_wconf 87' lang='lat' dir='ltr'>qnam</span> <span class='ocrx_word' id='word_1_314' title='bbox 449 1872 513 1905; x_wconf 87' lang='lat' dir='ltr'>abhinc</span> <span class='ocrx_word' id='word_1_315' title='bbox 527 1884 548 1905; x_wconf 87' lang='lat' dir='ltr'>ex</span> <span class='ocrx_word' id='word_1_316' title='bbox 561 1871 596 1905; x_wconf 92' lang='lat' dir='ltr'>illis</span> <span class='ocrx_word' id='word_1_317' title='bbox 610 1882 707 1916; x_wconf 85' lang='lat' dir='ltr'>speramus,</span> <span class='ocrx_word' id='word_1_318' title='bbox 721 1883 751 1904; x_wconf 86' lang='lat' dir='ltr'>vos</span> <span class='ocrx_word' id='word_1_319' title='bbox 760 1871 849 1915; x_wconf 86' lang='lat' dir='ltr'>jubemus,</span> <span class='ocrx_word' id='word_1_320' title='bbox 862 1877 883 1905; x_wconf 85' lang='lat' dir='ltr'>ut</span> <span class='ocrx_word' id='word_1_321' title='bbox 893 1884 945 1917; x_wconf 84' lang='lat' dir='ltr'>quam</span> <span class='ocrx_word' id='word_1_322' title='bbox 953 1885 981 1907; x_wconf 88' lang='lat' dir='ltr'>ce-</span> 
     </span>
     <span class='ocr_line' id='line_1_33' title="bbox 206 1916 981 1962; baseline 0.003 -13"><span class='ocrx_word' id='word_1_323' title='bbox 206 1917 278 1949; x_wconf 89' lang='lat' dir='ltr'>lerrime</span> <span class='ocrx_word' id='word_1_324' title='bbox 286 1917 352 1950; x_wconf 88' lang='lat' dir='ltr'>vocetis</span> <span class='ocrx_word' id='word_1_325' title='bbox 361 1918 383 1951; x_wconf 90' lang='lat' dir='ltr'>ad</span> <span class='ocrx_word' id='word_1_326' title='bbox 395 1929 426 1951; x_wconf 87' lang='lat' dir='ltr'>vos</span> <span class='ocrx_word' id='word_1_327' title='bbox 435 1918 516 1962; x_wconf 89' lang='lat' dir='ltr'>aliquem,</span> <span class='ocrx_word' id='word_1_328' title='bbox 524 1917 614 1961; x_wconf 83' lang='lat' dir='ltr'>aliquosve</span> <span class='ocrx_word' id='word_1_329' title='bbox 622 1928 644 1950; x_wconf 81' lang='lat' dir='ltr'>ex</span> <span class='ocrx_word' id='word_1_330' title='bbox 653 1916 771 1950; x_wconf 86' lang='lat' dir='ltr'>nobilioribus</span> <span class='ocrx_word' id='word_1_331' title='bbox 783 1917 856 1956; x_wconf 88' lang='lat' dir='ltr'>civibus,</span> <span class='ocrx_word' id='word_1_332' title='bbox 867 1918 981 1957; x_wconf 87' lang='lat' dir='ltr'>nobiliorum,</span> 
     </span>
     <span class='ocr_line' id='line_1_34' title="bbox 206 1961 982 2008; baseline 0.004 -14"><span class='ocrx_word' id='word_1_333' title='bbox 206 1966 260 2006; x_wconf 89' lang='lat' dir='ltr'>atque</span> <span class='ocrx_word' id='word_1_334' title='bbox 268 1961 404 1995; x_wconf 87' lang='lat' dir='ltr'>obstinatiorum</span> <span class='ocrx_word' id='word_1_335' title='bbox 412 1962 490 2002; x_wconf 88' lang='lat' dir='ltr'>urbium,</span> <span class='ocrx_word' id='word_1_336' title='bbox 499 1967 516 1995; x_wconf 89' lang='lat' dir='ltr'>et</span> <span class='ocrx_word' id='word_1_337' title='bbox 525 1962 635 2006; x_wconf 87' lang='lat' dir='ltr'>oppidorum,</span> <span class='ocrx_word' id='word_1_338' title='bbox 643 1961 713 2006; x_wconf 85' lang='lat' dir='ltr'>illisque</span> <span class='ocrx_word' id='word_1_339' title='bbox 725 1962 812 2001; x_wconf 83' lang='lat' dir='ltr'>indicetis,</span> <span class='ocrx_word' id='word_1_340' title='bbox 821 1974 874 2007; x_wconf 90' lang='lat' dir='ltr'>quam</span> <span class='ocrx_word' id='word_1_341' title='bbox 882 1974 928 2008; x_wconf 82' lang='lat' dir='ltr'>aegre</span> <span class='ocrx_word' id='word_1_342' title='bbox 936 1964 982 1997; x_wconf 87' lang='lat' dir='ltr'>tule-</span> 
     </span>
     <span class='ocr_line' id='line_1_35' title="bbox 205 2007 981 2052; baseline 0.003 -13"><span class='ocrx_word' id='word_1_343' title='bbox 205 2007 261 2040; x_wconf 89' lang='lat' dir='ltr'>rimus</span> <span class='ocrx_word' id='word_1_344' title='bbox 275 2018 337 2040; x_wconf 88' lang='lat' dir='ltr'>eorum</span> <span class='ocrx_word' id='word_1_345' title='bbox 342 2007 494 2052; x_wconf 84' lang='lat' dir='ltr'>ingratitudinem,</span> <span class='ocrx_word' id='word_1_346' title='bbox 503 2012 521 2040; x_wconf 90' lang='lat' dir='ltr'>et</span> <span class='ocrx_word' id='word_1_347' title='bbox 529 2007 669 2051; x_wconf 87' lang='lat' dir='ltr'>despectionem:</span> <span class='ocrx_word' id='word_1_348' title='bbox 682 2012 701 2040; x_wconf 87' lang='lat' dir='ltr'>et</span> <span class='ocrx_word' id='word_1_349' title='bbox 708 2008 859 2051; x_wconf 67' lang='lat' dir='ltr'>quaemadmodum</span> <span class='ocrx_word' id='word_1_350' title='bbox 867 2009 981 2042; x_wconf 89' lang='lat' dir='ltr'>statuerimus</span> 
     </span>
     <span class='ocr_line' id='line_1_36' title="bbox 206 2051 981 2097; baseline 0.003 -13"><span class='ocrx_word' id='word_1_351' title='bbox 206 2063 247 2084; x_wconf 90' lang='lat' dir='ltr'>cum</span> <span class='ocrx_word' id='word_1_352' title='bbox 260 2051 284 2085; x_wconf 87' lang='lat' dir='ltr'>eis</span> <span class='ocrx_word' id='word_1_353' title='bbox 297 2052 385 2096; x_wconf 79' lang='lat' dir='ltr'>agendum</span> <span class='ocrx_word' id='word_1_354' title='bbox 399 2064 442 2091; x_wconf 87' lang='lat' dir='ltr'>esse,</span> <span class='ocrx_word' id='word_1_355' title='bbox 456 2057 478 2086; x_wconf 90' lang='lat' dir='ltr'>ut</span> <span class='ocrx_word' id='word_1_356' title='bbox 490 2052 539 2086; x_wconf 92' lang='lat' dir='ltr'>nullo</span> <span class='ocrx_word' id='word_1_357' title='bbox 553 2056 641 2097; x_wconf 84' lang='lat' dir='ltr'>praetextu</span> <span class='ocrx_word' id='word_1_358' title='bbox 654 2053 760 2097; x_wconf 84' lang='lat' dir='ltr'>ignorantiae</span> <span class='ocrx_word' id='word_1_359' title='bbox 773 2052 826 2086; x_wconf 91' lang='lat' dir='ltr'>animi</span> <span class='ocrx_word' id='word_1_360' title='bbox 833 2053 891 2086; x_wconf 86' lang='lat' dir='ltr'>nostri</span> <span class='ocrx_word' id='word_1_361' title='bbox 898 2055 917 2087; x_wconf 92' lang='lat' dir='ltr'>in</span> <span class='ocrx_word' id='word_1_362' title='bbox 924 2065 950 2093; x_wconf 87' lang='lat' dir='ltr'>re,</span> <span class='ocrx_word' id='word_1_363' title='bbox 959 2065 981 2088; x_wconf 86' lang='lat' dir='ltr'>ex</span> 
     </span>
     <span class='ocr_line' id='line_1_37' title="bbox 206 2095 981 2144; baseline 0.004 -15"><span class='ocrx_word' id='word_1_364' title='bbox 206 2095 314 2141; x_wconf 66' lang='lat' dir='ltr'>quinostrae</span> <span class='ocrx_word' id='word_1_365' title='bbox 329 2097 419 2141; x_wconf 84' lang='lat' dir='ltr'>dignitatis</span> <span class='ocrx_word' id='word_1_366' title='bbox 434 2097 541 2132; x_wconf 84' lang='lat' dir='ltr'>existimatio</span> <span class='ocrx_word' id='word_1_367' title='bbox 554 2098 630 2131; x_wconf 86' lang='lat' dir='ltr'>maxime</span> <span class='ocrx_word' id='word_1_368' title='bbox 641 2097 714 2141; x_wconf 83' lang='lat' dir='ltr'>pendet,</span> <span class='ocrx_word' id='word_1_369' title='bbox 727 2097 796 2140; x_wconf 90' lang='lat' dir='ltr'>possint</span> <span class='ocrx_word' id='word_1_370' title='bbox 809 2108 850 2131; x_wconf 89' lang='lat' dir='ltr'>suos</span> <span class='ocrx_word' id='word_1_371' title='bbox 863 2103 981 2144; x_wconf 84' lang='lat' dir='ltr'>contemptus,</span> 
     </span>
     <span class='ocr_line' id='line_1_38' title="bbox 205 2142 981 2187; baseline 0.004 -12"><span class='ocrx_word' id='word_1_372' title='bbox 205 2142 389 2187; x_wconf 82' lang='lat' dir='ltr'>transgressionesque</span> <span class='ocrx_word' id='word_1_373' title='bbox 398 2143 498 2183; x_wconf 81' lang='lat' dir='ltr'>defendere,</span> <span class='ocrx_word' id='word_1_374' title='bbox 507 2154 528 2176; x_wconf 87' lang='lat' dir='ltr'>ne</span> <span class='ocrx_word' id='word_1_375' title='bbox 536 2153 614 2187; x_wconf 87' lang='lat' dir='ltr'>unquam</span> <span class='ocrx_word' id='word_1_376' title='bbox 622 2142 693 2176; x_wconf 87' lang='lat' dir='ltr'>valeant</span> <span class='ocrx_word' id='word_1_377' title='bbox 707 2143 772 2175; x_wconf 88' lang='lat' dir='ltr'>audere</span> <span class='ocrx_word' id='word_1_378' title='bbox 780 2147 843 2176; x_wconf 86' lang='lat' dir='ltr'>contra</span> <span class='ocrx_word' id='word_1_379' title='bbox 850 2146 888 2176; x_wconf 88' lang='lat' dir='ltr'>tam</span> <span class='ocrx_word' id='word_1_380' title='bbox 899 2144 981 2178; x_wconf 83' lang='lat' dir='ltr'>manifes-</span> 
     </span>
     <span class='ocr_line' id='line_1_39' title="bbox 205 2187 982 2231; baseline 0.003 -11"><span class='ocrx_word' id='word_1_381' title='bbox 205 2192 243 2220; x_wconf 88' lang='lat' dir='ltr'>tam</span> <span class='ocrx_word' id='word_1_382' title='bbox 251 2187 373 2227; x_wconf 78' lang='lat' dir='ltr'>monitionem,</span> <span class='ocrx_word' id='word_1_383' title='bbox 382 2192 401 2221; x_wconf 91' lang='lat' dir='ltr'>et</span> <span class='ocrx_word' id='word_1_384' title='bbox 415 2188 553 2222; x_wconf 87' lang='lat' dir='ltr'>declarationem</span> <span class='ocrx_word' id='word_1_385' title='bbox 568 2188 665 2221; x_wconf 88' lang='lat' dir='ltr'>voluntatis</span> <span class='ocrx_word' id='word_1_386' title='bbox 678 2191 751 2226; x_wconf 87' lang='lat' dir='ltr'>nostrae,</span> <span class='ocrx_word' id='word_1_387' title='bbox 760 2187 818 2231; x_wconf 89' lang='lat' dir='ltr'>quoad</span> <span class='ocrx_word' id='word_1_388' title='bbox 828 2188 874 2222; x_wconf 91' lang='lat' dir='ltr'>hanc</span> <span class='ocrx_word' id='word_1_389' title='bbox 882 2200 926 2222; x_wconf 86' lang='lat' dir='ltr'>rem¹</span> <span class='ocrx_word' id='word_1_390' title='bbox 951 2190 982 2224; x_wconf 84' lang='lat' dir='ltr'>Ad</span> 
     </span>
     <span class='ocr_line' id='line_1_40' title="bbox 206 2232 981 2278; baseline 0.003 -13"><span class='ocrx_word' id='word_1_391' title='bbox 206 2233 254 2276; x_wconf 88' lang='lat' dir='ltr'>quod</span> <span class='ocrx_word' id='word_1_392' title='bbox 270 2232 297 2266; x_wconf 87' lang='lat' dir='ltr'>hae</span> <span class='ocrx_word' id='word_1_393' title='bbox 310 2237 375 2267; x_wconf 74' lang='lat' dir='ltr'>nostra</span> <span class='ocrx_word' id='word_1_394' title='bbox 390 2233 455 2268; x_wconf 83' lang='lat' dir='ltr'>litterae</span> <span class='ocrx_word' id='word_1_395' title='bbox 468 2233 517 2267; x_wconf 91' lang='lat' dir='ltr'>vobis</span> <span class='ocrx_word' id='word_1_396' title='bbox 533 2233 642 2267; x_wconf 88' lang='lat' dir='ltr'>suffecerint.</span> <span class='ocrx_word' id='word_1_397' title='bbox 673 2232 791 2266; x_wconf 53' lang='lat' dir='ltr'>Datumvsuh</span> <span class='ocrx_word' id='word_1_398' title='bbox 807 2233 865 2278; x_wconf 82' lang='lat' dir='ltr'>sigillo</span> <span class='ocrx_word' id='word_1_399' title='bbox 881 2239 943 2267; x_wconf 88' lang='lat' dir='ltr'>nostro</span> <span class='ocrx_word' id='word_1_400' title='bbox 959 2246 981 2268; x_wconf 85' lang='lat' dir='ltr'>ex</span> 
     </span>
     <span class='ocr_line' id='line_1_41' title="bbox 206 2277 981 2324; baseline 0.004 -14"><span class='ocrx_word' id='word_1_401' title='bbox 206 2277 300 2322; x_wconf 88' lang='lat' dir='ltr'>Hampton</span> <span class='ocrx_word' id='word_1_402' title='bbox 313 2277 370 2312; x_wconf 78' lang='lat' dir='ltr'>Oourt</span> <span class='ocrx_word' id='word_1_403' title='bbox 384 2279 447 2312; x_wconf 90' lang='lat' dir='ltr'>ultimo</span> <span class='ocrx_word' id='word_1_404' title='bbox 461 2278 490 2312; x_wconf 86' lang='lat' dir='ltr'>die</span> <span class='ocrx_word' id='word_1_405' title='bbox 505 2277 621 2323; x_wconf 82' lang='lat' dir='ltr'>Septembris,</span> <span class='ocrx_word' id='word_1_406' title='bbox 631 2277 700 2311; x_wconf 89' lang='lat' dir='ltr'>decimo</span> <span class='ocrx_word' id='word_1_407' title='bbox 714 2288 759 2311; x_wconf 88' lang='lat' dir='ltr'>anno</span> <span class='ocrx_word' id='word_1_408' title='bbox 775 2280 831 2311; x_wconf 89' lang='lat' dir='ltr'>nostri</span> <span class='ocrx_word' id='word_1_409' title='bbox 840 2278 951 2324; x_wconf 86' lang='lat' dir='ltr'>principatus</span> <span class='ocrx_word' id='word_1_410' title='bbox 962 2280 981 2313; x_wconf 90' lang='lat' dir='ltr'>in</span> 
     </span>
     <span class='ocr_line' id='line_1_42' title="bbox 205 2321 818 2368; baseline 0.002 -13"><span class='ocrx_word' id='word_1_411' title='bbox 205 2321 277 2367; x_wconf 72' lang='lat' dir='ltr'>Argita,</span> <span class='ocrx_word' id='word_1_412' title='bbox 286 2323 352 2363; x_wconf 74' lang='lat' dir='ltr'>Galat,</span> <span class='ocrx_word' id='word_1_413' title='bbox 360 2328 378 2360; x_wconf 88' lang='lat' dir='ltr'>et</span> <span class='ocrx_word' id='word_1_414' title='bbox 386 2323 463 2366; x_wconf 75' lang='lat' dir='ltr'>lbernid,</span> <span class='ocrx_word' id='word_1_415' title='bbox 471 2324 490 2357; x_wconf 90' lang='lat' dir='ltr'>in</span> <span class='ocrx_word' id='word_1_416' title='bbox 498 2324 559 2358; x_wconf 76' lang='lat' dir='ltr'>Scotia</span> <span class='ocrx_word' id='word_1_417' title='bbox 566 2322 609 2358; x_wconf 77' lang='lat' dir='ltr'>verd</span> <span class='ocrx_word' id='word_1_418' title='bbox 618 2322 754 2368; x_wconf 83' lang='lat' dir='ltr'>quadragesimo</span> <span class='ocrx_word' id='word_1_419' title='bbox 762 2328 818 2357; x_wconf 81' lang='lat' dir='ltr'>sexto.</span> 
     </span>
    </p>
   </div>
   <div class='ocr_carea' id='block_1_3' title="bbox 529 2620 653 2661">
    <p class='ocr_par' dir='ltr' id='par_1_3' title="bbox 529 2620 653 2661">
     <span class='ocr_line' id='line_1_43' title="bbox 529 2620 653 2661; baseline 0 0"><span class='ocrx_word' id='word_1_420' title='bbox 529 2620 587 2661; x_wconf 76' lang='lat' dir='ltr'>Car.</span> <span class='ocrx_word' id='word_1_421' title='bbox 603 2621 653 2661; x_wconf 52' lang='lat' dir='ltr'>XII,</span> 
     </span>
    </p>
   </div>
   <div class='ocr_carea' id='block_1_4' title="bbox 456 2755 736 2800">
    <p class='ocr_par' dir='ltr' id='par_1_4' title="bbox 456 2755 736 2800">
     <span class='ocr_line' id='line_1_44' title="bbox 456 2755 736 2800; baseline 0.011 -12"><span class='ocrx_word' id='word_1_422' title='bbox 456 2755 489 2788; x_wconf 81' lang='lat' dir='ltr'>IV.</span> <span class='ocrx_word' id='word_1_423' title='bbox 502 2755 592 2790; x_wconf 85' lang='lat' dir='ltr'>Punctum</span> <span class='ocrx_word' id='word_1_424' title='bbox 601 2757 736 2800; x_wconf 86' lang='lat' dir='ltr'>persecutionis.</span> 
     </span>
    </p>
   </div>
   <div class='ocr_carea' id='block_1_5' title="bbox 202 2867 979 3036">
    <p class='ocr_par' dir='ltr' id='par_1_5' title="bbox 202 2867 979 3036">
     <span class='ocr_line' id='line_1_45' title="bbox 204 2867 979 2931; baseline 0.015 -24"><span class='ocrx_word' id='word_1_425' title='bbox 204 2867 243 2908; x_wconf 79' lang='lat' dir='ltr'>Hm</span> <span class='ocrx_word' id='word_1_426' title='bbox 259 2867 383 2929; x_wconf 78' lang='lat' dir='ltr'>calamitates,</span> <span class='ocrx_word' id='word_1_427' title='bbox 401 2871 420 2909; x_wconf 81' lang='lat' dir='ltr'>et</span> <span class='ocrx_word' id='word_1_428' title='bbox 437 2868 548 2912; x_wconf 86' lang='lat' dir='ltr'>afflictiones</span> <span class='ocrx_word' id='word_1_429' title='bbox 565 2870 590 2929; x_wconf 83' lang='lat' dir='ltr'>ad</span> <span class='ocrx_word' id='word_1_430' title='bbox 606 2871 684 2912; x_wconf 84' lang='lat' dir='ltr'>tertium</span> <span class='ocrx_word' id='word_1_431' title='bbox 701 2877 795 2926; x_wconf 84' lang='lat' dir='ltr'>punctum</span> <span class='ocrx_word' id='word_1_432' title='bbox 811 2876 913 2927; x_wconf 82' lang='lat' dir='ltr'>pertinent,</span> <span class='ocrx_word' id='word_1_433' title='bbox 932 2891 979 2931; x_wconf 87' lang='lat' dir='ltr'>quas</span> 
     </span>
     <span class='ocr_line' id='line_1_46' title="bbox 203 2922 978 2983; baseline 0.015 -21"><span class='ocrx_word' id='word_1_434' title='bbox 203 2922 296 2963; x_wconf 75' lang='lat' dir='ltr'>Catholici</span> <span class='ocrx_word' id='word_1_435' title='bbox 305 2923 381 2964; x_wconf 82' lang='lat' dir='ltr'>fortiter</span> <span class='ocrx_word' id='word_1_436' title='bbox 390 2924 473 2964; x_wconf 76' lang='lat' dir='ltr'>ferentes</span> <span class='ocrx_word' id='word_1_437' title='bbox 483 2924 555 2966; x_wconf 82' lang='lat' dir='ltr'>Christi</span> <span class='ocrx_word' id='word_1_438' title='bbox 564 2925 622 2965; x_wconf 86' lang='lat' dir='ltr'>fidem</span> <span class='ocrx_word' id='word_1_439' title='bbox 636 2926 792 2980; x_wconf 77' lang='lat' dir='ltr'>catholicamque</span> <span class='ocrx_word' id='word_1_440' title='bbox 802 2930 913 2983; x_wconf 81' lang='lat' dir='ltr'>religionem</span> <span class='ocrx_word' id='word_1_441' title='bbox 923 2935 978 2974; x_wconf 85' lang='lat' dir='ltr'>mini-</span> 
     </span>
     <span class='ocr_line' id='line_1_47' title="bbox 202 2976 979 3036; baseline 0.015 -19"><span class='ocrx_word' id='word_1_442' title='bbox 202 2976 233 3018; x_wconf 73' lang='lat' dir='ltr'>me</span> <span class='ocrx_word' id='word_1_443' title='bbox 245 2977 374 3019; x_wconf 87' lang='lat' dir='ltr'>deseruerunt.</span> <span class='ocrx_word' id='word_1_444' title='bbox 405 2979 436 3020; x_wconf 91' lang='lat' dir='ltr'>Ob</span> <span class='ocrx_word' id='word_1_445' title='bbox 445 2980 466 3020; x_wconf 82' lang='lat' dir='ltr'>id</span> <span class='ocrx_word' id='word_1_446' title='bbox 476 2981 535 3033; x_wconf 85' lang='lat' dir='ltr'>Angli</span> <span class='ocrx_word' id='word_1_447' title='bbox 550 2980 607 3033; x_wconf 80' lang='lat' dir='ltr'>juxta</span> <span class='ocrx_word' id='word_1_448' title='bbox 622 2988 712 3034; x_wconf 82' lang='lat' dir='ltr'>quartum</span> <span class='ocrx_word' id='word_1_449' title='bbox 726 2988 826 3036; x_wconf 73' lang='lat' dir='ltr'>punctum,</span> <span class='ocrx_word' id='word_1_450' title='bbox 836 2990 859 3025; x_wconf 89' lang='lat' dir='ltr'>ut</span> <span class='ocrx_word' id='word_1_451' title='bbox 868 3000 900 3027; x_wconf 86' lang='lat' dir='ltr'>eos</span> <span class='ocrx_word' id='word_1_452' title='bbox 910 3003 921 3027; x_wconf 90' lang='lat' dir='ltr'>a</span> <span class='ocrx_word' id='word_1_453' title='bbox 930 2989 979 3029; x_wconf 85' lang='lat' dir='ltr'>veri-</span> 
     </span>
    </p>
   </div>
   <div class='ocr_carea' id='block_1_6' title="bbox 0 0 1092 3535">
    <p class='ocr_par' dir='ltr' id='par_1_6' title="bbox 0 0 1092 3535">
     <span class='ocr_line' id='line_1_48' title="bbox 0 0 1092 3535; baseline 0 0"><span class='ocrx_word' id='word_1_454' title='bbox 0 0 1092 3535; x_wconf 95' lang='lat' dir='ltr'> </span> 
     </span>
    </p>
   </div>
  </div>
 </body>
</html>
