2100 3535
212 418 253 456 aaa
338 418 475 459 o'sunaaraur
486 429 588 457 ursroarra
603 431 729 467 carnosiora,
739 429 787 458 ron.
797 430 830 457 111.
876 418 927 470 [nra.
938 429 984 456 van.

212 534 303 569 Catholici
311 533 374 580 Anglis
383 534 461 567 faventes
469 532 566 566 rationibus
581 533 599 567 in
612 537 689 569 secunda
699 535 793 580 quaestione
807 533 887 567 adductis
900 545 918 566 se
926 533 985 567 tueri?

211 580 280 614 nullum
288 581 333 613 enim
341 584 433 623 peccatum
446 578 521 611 mortale
535 579 681 613 committendum
690 586 722 622 est,
731 579 797 614 etiamsi
807 579 848 619 vita,
856 584 887 612 aut
895 589 923 611 res
935 578 984 612 fami-

211 625 261 659 liaris
274 624 370 658 amittenda
381 624 410 657 sit.
434 622 519 662 Favere,
528 635 566 668 quae
574 623 640 657 bellum
647 624 734 668 injustum
747 636 778 670 per
786 636 804 658 se
811 628 922 669 promovent,
931 635 951 657 ao
956 623 963 667 j
978 644 986 651 -

212 675 261 709 vent,
270 680 357 707 exercere,
365 673 426 714 aperte
434 673 527 712 peccatum
535 675 562 702 est
569 669 650 702 mortale.
676 670 784 703 Permissum
792 675 819 703 est
827 669 879 702 etiam
888 668 985 702 Catholicis

211 715 297 748 haereticas
316 714 382 758 reginae
402 714 421 747 id
440 724 495 757 genus
515 713 593 758 obsequii
612 718 703 758 praestare,
721 716 768 758 quod
785 714 895 748 Oatlrolicam
914 714 985 759 religio·

211 771 251 793 nem
258 770 294 792 non
306 763 403 803 oppugna-t.
427 758 467 793 Nec
480 758 520 799 fuit,
535 770 567 791 nec
580 763 639 803 potest
653 770 690 793 esse
705 758 797 792 Pontifiois
806 771 855 793 mens
868 771 889 793 ea
903 758 986 803 obsequia

211 806 259 837 oiroa
266 804 345 848 reginam
353 804 377 836 eis
385 804 493 848 permittere,
502 815 539 848 quae
547 809 608 848 aperte
617 815 656 837 eum
663 805 704 843 fine,
713 808 731 837 et
739 815 791 848 scopo
799 805 854 849 ipsius
862 803 954 837 Pontificio
963 804 985 836 de

210 850 330 894 promovenda
334 849 352 881 in
358 848 429 882 Ibernio
436 849 528 883 Catholicae
532 849 572 888 lide,
577 849 687 894 acreligione
692 854 777 893 pugnant.
784 848 900 883 Hancautem
906 848 943 891 ejus
948 860 985 882 esse

211 899 293 933 mentem,
299 900 316 928 et
323 905 395 938 scopum
400 894 464 928 litterae
470 895 513 938 ipsae
519 893 632 938 apertissima
638 895 735 927 declarant.
748 895 776 928 Ex
783 894 845 937 quibus
854 894 933 928 omnibus
942 894 983 927 satis

212 939 325 972 manifestum
343 939 457 983 relinquitur,
471 939 609 973 illustrissimum
627 939 725 984 principem
740 938 836 983 Hugonem
853 939 954 978 O'Nellum,
967 943 985 972 et

212 984 255 1018 alios
265 984 365 1017 Oatholicos
374 984 449 1018 Iberniae
457 984 522 1018 bellurn
530 990 613 1029 gerentes
621 985 705 1018 adversus
718 984 798 1029 reginam
807 983 916 1017 Haereticam
924 984 984 1017 ortho-

213 1030 277 1063 doxam
284 1029 337 1062 fidem
345 1034 477 1074 oppugnantem
491 1029 540 1063 nullo
554 1030 607 1063 modo
621 1029 696 1063 rebelles
704 1040 746 1068 esse,
754 1040 810 1072 neque
819 1029 896 1062 debitam
904 1029 985 1062 obedien-

211 1074 255 1108 tiam
263 1085 333 1117 negare,
342 1079 373 1107 aut
387 1080 444 1108 terras
457 1074 522 1119 reginae
536 1074 601 1118 injuste
616 1086 708 1120 usurpare,
717 1075 758 1118 quin
771 1074 829 1118 potius
841 1073 880 1107 illos
886 1073 984 1116 justissimo

211 1119 258 1153 bello
267 1131 290 1161 se,
300 1123 401 1163 terramque
409 1130 459 1153 suan]
468 1120 489 1152 ab
502 1119 567 1163 iniqua,
576 1124 594 1153 et
606 1120 660 1164 impia
674 1120 766 1164 tyrannide
778 1119 873 1160 vindicare,
882 1129 984 1163 sacramque

212 1165 329 1198 orthodoxam
341 1164 394 1198 fidem
407 1166 436 1207 (ut
451 1164 566 1205 Christianos,
579 1175 599 1198 ac
612 1165 713 1198 Catholicos
728 1165 785 1208 decet)
799 1175 833 1209 pro
847 1163 914 1197 viribus
929 1164 983 1205 tueri,

212 1214 265 1254 atque
273 1210 372 1243 defendere.
397 1209 441 1248 Quae
450 1209 513 1248 omnia,
521 1214 539 1243 et
553 1210 623 1254 singula
635 1221 666 1243 nos
680 1209 728 1242 infra
740 1209 807 1254 scripti,
815 1214 836 1242 ut
850 1207 953 1249 certissima,
966 1213 984 1242 et

211 1255 302 1288 verissima
307 1255 414 1299 judicamus,
422 1259 441 1287 et
455 1254 576 1299 approbamus.
600 1255 668 1289 Datum
682 1255 791 1289 Salmanticee
804 1253 880 1288 secundo
889 1253 984 1287 Februarii

211 1311 257 1333 anno
265 1300 338 1334 Domini
345 1300 439 1333 millesimo
447 1300 573 1333 sxecentesimo
581 1301 642 1334 tertio.

1034 1298 1050 1503 ‘5333ssqu
1039 1272 1050 1289 5}
1038 1248 1050 1268 ’ξ
1040 1224 1050 1241 s

463 1446 552 1485 Doctores
562 1444 727 1485 salmanticenses.

235 1559 266 1592 Fr.
276 1557 382 1591 Franciscus
391 1555 454 1588 Zumel
467 1554 549 1588 Decanus
563 1554 648 1587 Salmant.
658 1554 709 1598 Mag.
719 1554 819 1598 Alphonsus
832 1554 853 1587 de
863 1553 923 1588 Ouriel
932 1564 985 1587 sacrae

212 1602 313 1647 Theologia
321 1601 414 1645 primarius
422 1600 518 1644 professor.
543 1600 575 1632 Fr.
585 1599 650 1632 Petrus
659 1600 680 1633 de
690 1599 769 1632 Herrera
781 1599 830 1644 Mag.
845 1599 914 1633 Doctor
926 1598 983 1632 Fran-

214 1650 270 1682 ciscus
280 1647 359 1681 Saucius.
385 1646 416 1679 Fr.
425 1645 520 1689 Dionysius
528 1645 613 1678 Juberus.
622 1645 672 1690 Mag.
680 1644 762 1677 Andreas
771 1644 792 1677 de
800 1644 856 1677 Leon.
877 1644 910 1677 Fr.
920 1643 985 1677 Petrus

214 1695 236 1727 de
245 1693 335 1727 Ledesma.
360 1690 393 1724 Fr.
402 1690 492 1723 Martinus
501 1690 522 1722 de
530 1690 604 1723 Peraea.

1044 1818 1046 1826 >
1039 1805 1050 1814 ἴ
1035 1784 1050 1802 'ss
1035 1537 1050 1782 „fflffi‘sswssfflwffiae
1046 1520 1048 1522 <
1041 1503 1048 1516 -κ

421 1823 513 1863 Dauara
522 1821 610 1873 Theoloqe'
623 1819 762 1862 lolliuoletmre‘.

1033 1839 1050 1906 νέξ),
1037 1804 1050 1827 222-—

238 1949 262 1983 D.
271 1946 377 1981 Franciscus
392 1944 468 1978 Sobrino
482 1944 570 1977 Decanus.
595 1944 619 1977 D.
634 1944 720 1978 Alfonsus
734 1944 794 1978 Vacca
808 1945 830 1978 de
844 1944 935 1989 Santiago.
959 1944 984 1977 D.

213 1994 302 2028 Johannes
312 1991 378 2025 Garcia
387 1991 407 2023 de
420 1989 508 2023 Goromel.
522 1990 571 2033 Mag.
589 1989 621 2022 Fr.
629 1989 719 2023 Johannes
727 1990 803 2035 Nigrou.
828 1990 852 2022 D.
862 1990 926 2023 Turre.
950 1989 982 2022 Fr.

209 2040 296 2084 Josephus
305 2038 326 2071 de
335 2037 401 2070 Luxan.
426 2034 524 2067 Vallisoleti
537 2040 600 2068 octavo
615 2034 676 2068 Martii
690 2045 735 2068 anno
747 2034 838 2068 millesimo
857 2034 981 2068 sexcentesimo

145 2085 204 2128 [204]
211 2085 280 2127 tertioll

1034 1943 1050 2109 ἄῑξῖᾸΞἙ-ῧίἓέἒέμ
1035 1924 1050 1933 J.
1047 1907 1050 1913 „

1033 2104 1050 2184 jffiffiq

475 2192 544 2232 Patres
554 2192 656 2232 Scelerata
665 2193 718 2232 Jeao.

233 2318 254 2352 P.
262 2318 352 2352 lohannes
365 2316 386 2349 de
399 2315 496 2360 Ziguenca.
521 2315 543 2348 P.
557 2315 644 2348 Emanuel
657 2316 679 2349 de
693 2314 756 2357 Rojas.
780 2315 802 2348 P.
814 2315 884 2360 Gaspar·
899 2316 920 2349 de
929 2316 983 2350 Mena

210 2364 323 2398 Professores
338 2361 440 2405 Theologiae
460 2361 478 2393 in
495 2359 575 2404 (tullegio
589 2360 668 2403 ejusdem
686 2360 779 2394 Societatis
797 2361 938 2395 salmanticensi.
961 2361 983 2395 P.

210 2410 275 2443 Petrus
285 2406 368 2441 Ossorius
376 2406 394 2439 in
402 2406 464 2439 eodem
473 2405 552 2450 (tullegio
560 2405 692 2440 ecclesiastes*

1032 2528 1050 2548 L.;
1031 2456 1050 2518 1525}
1032 2446 1044 2451 Ῑ

238 2533 288 2574 Haec
298 2536 328 2573 est
337 2532 484 2573 Academiarum
495 2546 580 2580 censura,
592 2547 629 2586 qua
644 2532 719 2586 liquido
735 2536 815 2582 constat,
826 2536 898 2586 quanta
907 2533 982 2586 ignora-

208 2588 268 2637 tione,
278 2591 297 2628 et
307 2587 388 2640 caligine
397 2588 500 2628 erraverint
519 2587 547 2627 illi
566 2587 638 2636 Ibemi,
649 2588 683 2641 qui
692 2588 713 2627 in
722 2586 759 2628 hoo
767 2586 818 2628 bello
828 2588 983 2630 Protestantibus

209 2658 266 2697 opem
274 2643 367 2692 tulerunt,
378 2647 396 2683 et
406 2642 515 2683 Oatholicos
525 2647 674 2696 oppugnarunt:
686 2655 780 2695 quamque
793 2643 887 2692 insanam,
898 2647 917 2683 et
926 2658 982 2685 vene·
1039 2644 1050 2685 ἓ

208 2713 275 2739 nosam
285 2698 391 2739 doctrinam
401 2697 500 2738 attiderint
516 2697 605 2738 nonnulli
618 2697 711 2737 doctiores
727 2697 785 2750 vulgo
801 2697 868 2747 habiti,
880 2698 913 2751 qui
923 2712 981 2740 saecu·

208 2754 257 2794 lares
266 2753 353 2794 homiues
363 2753 387 2794 ad
396 2753 467 2806 reginae
473 2755 536 2809 partes
547 2752 652 2805 sequendas
662 2752 756 2793 exhortati
766 2767 777 2792 a
786 2753 823 2794 lide
832 2753 904 2794 tuenda
911 2758 982 2795 averte-

229 2902 237 2918 *
250 2902 281 2936 See
289 2914 300 2935 a
307 2900 393 2935 tolerable
398 2901 504 2935 translation
512 2902 533 2935 of
542 2901 577 2935 this
587 2902 682 2935 document
690 2902 708 2935 in
714 2901 744 2935 the
753 2902 820 2936 Pacata
828 2901 922 2944 Hibernia,
931 2902 943 2936 ii

204 2948 246 2979 430.
271 2948 288 2981 lt
296 2958 331 2980 was
339 2947 468 2992 foundamong
479 2947 510 2979 the
522 2957 586 2992 papers
600 2946 621 2979 of
632 2946 687 2981 Owen
699 2947 807 2992 Machan.
832 2948 862 2981 No
871 2949 978 2992 signatum,
1034 2967 1050 2989 ,a

206 2996 268 3035 except
276 2992 325 3026 those
335 2991 355 3025 of
364 2992 394 3025 the
402 2992 453 3025 three
461 2991 533 3032 Jesuits,
542 3003 572 3025 are
581 2991 671 3036 appended
679 2997 698 3025 to
706 2992 738 3026 the
746 2992 820 3036 English
828 2993 904 3027 version.
1033 2986 1042 3014 f
