2237 3535
95 392 138 420 oar.
149 379 195 431 vra]
263 391 290 418 nu
305 391 425 420 runnuoaurr
441 392 534 429 onrornn,
550 391 680 427 nonrmrnrn,
699 381 732 420 &a
842 382 868 422 37

94 502 201 529 sermonem
217 488 341 529 vernaculum
357 490 441 532 habent:
464 491 518 531 Dum
538 489 612 529 viribus
633 488 734 529 valuerunt
754 487 869 530 lbernorum

93 548 186 593 veterum,
196 543 271 597 legibus
281 547 339 598 atque
348 545 433 587 moribus
449 560 489 586 non
503 558 572 598 regum
586 544 664 597 Anglia
674 544 769 584 vixerunt.
800 544 869 598 Itaque

94 599 114 639 hi
124 602 143 639 et
153 602 226 640 veteres
236 598 308 649 Iberni,
318 599 402 641 Ibernici
412 602 509 642 dicuntur.
554 623 556 628 =

121 653 182 694 Haud
192 658 256 695 tamen
272 654 342 696 desunt
358 657 415 697 multi
429 671 453 697 ex
467 656 497 696 bis
512 653 625 695 novioribus
636 653 718 703 Ibernis,
730 654 765 707 qui
775 654 868 695 hactenus

94 709 154 762 magis
164 723 203 762 prae
214 724 233 749 se
242 708 329 750 tulerunt
338 725 358 751 se
367 712 467 765 Anglicos,
478 724 537 764 quam
546 709 647 750 Ibernicos
663 723 709 757 esse,
724 708 810 750 moribus
826 709 868 750 An-

94 764 170 818 glorum
186 764 223 814 usi,
234 769 252 804 et
266 768 349 819 utroque
364 780 457 816 sermone,
468 766 501 806 sed
517 765 582 805 minus
596 764 659 818 polito
669 766 688 804 et
697 763 772 804 limato.
802 764 839 805 Sed
849 769 869 806 et

93 820 114 859 bi
123 833 169 859 cum
178 820 219 860 aliis
235 818 298 869 rebus,
308 824 350 861 tum
359 821 395 862 hac
411 821 534 876 potissimum
543 824 563 861 et
573 834 618 861 cum
633 819 727 859 Ibernicis
737 820 868 869 consentiunt,

93 879 112 915 et
121 874 146 914 ab
156 875 226 927 Anglis
236 874 334 925 dissident,
345 876 395 929 quod
405 891 480 931 semper
487 876 526 916 sint
535 875 656 917 Catholieam
665 874 779 928 religionem
788 875 869 929 professi

93 933 111 969 et
121 929 221 970 hereticos
230 930 338 983 Anglorum
348 945 419 972 errores
429 932 515 972 aversati.

119 984 152 1024 Ex
161 985 190 1024 his
200 984 262 1026 adhuc
271 986 306 1035 illi,
321 986 355 1039 qui
368 986 499 1041 Finegaldam,
509 986 539 1027 vel
555 985 659 1038 Anglioam
673 985 799 1038 provinciam,
809 984 830 1026 id
839 989 869 1026 est

93 1040 206 1093 particulam
225 1040 307 1082 Iberniae
325 1041 431 1094 proximam
457 1041 534 1095 Angliae
553 1040 600 1080 olim
621 1040 704 1081 incolere
720 1044 826 1094 caepenrnt,
844 1041 868 1082 ab

92 1095 168 1135 Ibernis
185 1095 281 1149 disjuncti,
298 1110 359 1149 genus
373 1097 485 1150 Anglioum‚
496 1096 526 1136 vel
535 1095 601 1148 Anglo
611 1095 678 1136 Iberni
687 1098 706 1135 et
716 1096 781 1136 coloni
791 1110 866 1136 nuncu-

91 1153 169 1204 pantur,
179 1154 198 1191 et
207 1151 316 1204 Anglorum
325 1150 410 1191 moribus
421 1156 440 1191 et
449 1150 524 1204 iegibus
534 1150 630 1190 vixerunt.
660 1149 749 1194 unorum
760 1151 828 1205 lingua
837 1155 867 1192 est

92 1205 176 1259 Angliea
184 1210 239 1247 vetus
248 1206 324 1247 Iberuis
340 1205 403 1245 verbis
418 1206 484 1254 mixta,
495 1218 538 1258 quae
548 1204 572 1244 ab
582 1204 659 1244 Ibernis
674 1209 693 1244 et
706 1206 776 1259 Anglis
787 1207 867 1248 comiter

18 1288 20 1291 .
92 1264 111 1301 et
119 1261 167 1301 scite
173 1260 302 1314 loquentibus,
312 1260 387 1300 facilius
397 1260 508 1299 subridetur
514 1272 572 1312 quam
578 1258 699 1312 intelligitur.
710 1260 755 1300 Hoc
765 1261 866 1302 hominum

92 1330 153 1369 genus
164 1317 236 1356 scilieet
245 1316 281 1355 hos
290 1313 449 1366 Anglo-Ibernos
455 1313 573 1366 Finegaldae,
579 1312 670 1353 laudibus
679 1315 753 1355 extollit
759 1315 867 1357 Richardus

93 1371 232 1419 Stanihurstus,
249 1370 330 1410 aliorum
347 1368 418 1408 famam
435 1368 540 1408 multorum
556 1367 633 1421 injustis
648 1369 699 1408 notis
714 1370 800 1410 inurens.
829 1371 867 1412 Sed

90 1431 156 1465 tamen
172 1426 213 1477 ejus
228 1424 331 1465 maximam
346 1423 427 1476 gloriam
441 1424 512 1464 tacitus
526 1421 637 1476 praeterivit,
653 1424 705 1477 quod
719 1439 760 1465 non
774 1425 867 1478 Anglicas

91 1484 158 1529 sectas,
176 1480 209 1520 sed
226 1479 345 1519 Oatholieam
361 1477 474 1532 religionem
487 1479 605 1532 profiteatur,
622 1483 736 1519 coeterorum
752 1480 868 1521 Ibernorum

91 1535 148 1574 fidem
157 1537 177 1574 et
186 1534 314 1575 constantiam
323 1533 427 1585 imitatum,
438 1534 474 1574 etsi
481 1538 545 1574 tamen
555 1534 576 1574 in
585 1532 636 1574 bello
651 1534 760 1588 Anglorum
770 1540 834 1589 partes
843 1538 868 1577 sit

92 1593 185 1630 secutum.

407 1878 465 1919 CAP.
480 1877 530 1918 VH.

343 1983 371 2016 De
380 1983 485 2018 Ibernorum
494 1994 580 2016 sermone.

91 2079 193 2119 Iunnruon
210 2079 277 2133 lingua
293 2078 322 2119 est
337 2080 414 2133 copiosa
428 2079 486 2120 simul
496 2083 515 2120 et
525 2079 649 2119 sententiosa.
659 2083 770 2130 scommata,
781 2080 866 2132 dicteria,

91 2134 175 2184 facetias,
186 2135 240 2184 sales,
250 2135 303 2175 selles
313 2134 403 2175 brevibus
413 2135 476 2176 verbis
486 2135 617 2189 amplectens;
632 2135 679 2175 adeo
689 2140 765 2177 vetusta
775 2139 797 2175 ut
807 2136 866 2189 aliqui

91 2189 209 2240 existiment,
216 2205 257 2231 eam
266 2191 287 2230 in
296 2189 443 2231 Nembrothicae
452 2191 510 2230 turris
525 2190 670 2244 perturbatione
685 2191 798 2245 linguarum
806 2191 866 2233 fuisse

91 2244 162 2294 datam,
172 2244 204 2285 alii
213 2245 293 2286 tradunt
303 2260 326 2285 en
336 2245 377 2286 aliis
386 2245 459 2300 linguis
469 2245 595 2299 compositam
604 2248 623 2285 et
633 2245 737 2288 derivatam
747 2260 794 2286 esse.
822 2246 866 2301 Ego

90 2313 138 2349 reor,
149 2314 189 2340 non
198 2300 253 2341 valde
263 2301 389 2354 compositam
395 2315 442 2350 esse,
452 2315 496 2341 cum
505 2300 595 2341 brevibus
605 2300 722 2342 dictionibus
732 2305 813 2342 constet.
842 2302 867 2343 Id

91 2358 120 2394 est
130 2354 249 2408 exploratum
259 2370 270 2395 a
280 2356 376 2396 veteribus
386 2355 469 2406 Ibernis,
477 2371 518 2396 esse
527 2356 548 2396 in
556 2356 655 2397 Iberuiam
662 2357 780 2406 translatam,
790 2358 867 2410 suisque

91 2410 231 2450 characteribus
248 2411 353 2464 scriptam:
368 2410 452 2464 indeque
468 2411 492 2451 ab
509 2410 585 2452 Ibernis
602 2411 709 2453 litterarum
728 2412 866 2465 cognitionem,

90 2464 174 2518 legendi,
184 2465 317 2519 scribendique
327 2469 388 2506 artem
397 2466 417 2506 in
427 2466 554 2516 Britanniam,
562 2470 581 2506 et
589 2466 635 2507 51155
644 2468 732 2520 regiones
742 2471 868 2520 propagatam

91 2520 157 2570 fuisse,
182 2520 284 2571 Caecillius,
308 2521 377 2561 Sarum
393 2535 463 2570 comes,
478 2521 557 2573 longius
577 2521 646 2575 probat
665 2523 695 2576 (in
713 2522 866 2576 manuscriptis.)

91 2575 222 2629 Alphabetum
240 2575 353 2617 Ibernieum
371 2576 408 2617 etsi
424 2592 436 2617 a
451 2576 529 2629 reliquis
546 2577 636 2618 omnibus
653 2578 714 2631 figura
723 2580 743 2616 et
756 2577 868 2619 nominibus

90 2630 198 2671 litterarum
213 2631 299 2681 dissidet,
309 2637 374 2673 tamen
381 2632 444 2685 figura
453 2646 497 2673 oum
508 2630 575 2671 Graeco
585 2635 605 2671 et
619 2647 664 2673 oum
671 2632 745 2680 eodem,
756 2636 776 2673 et
784 2632 869 2675 Hebraeo

91 2685 202 2727 nominibus
211 2701 251 2727 non
260 2687 335 2728 nullam
345 2687 490 2729 similitudinem
499 2685 568 2727 habere
574 2686 670 2739 videturll
