2237 3535
107 372 150 401 car.
166 359 219 411 mx]
330 372 420 402 ranarum
434 373 472 402 sur
487 373 620 402 arianarum.
840 362 879 401 123

107 468 195 518 assecuti,
213 468 288 522 ipsique
298 468 365 512 Iberni
374 473 431 514 eosin
440 486 494 513 suam
507 471 612 525 perniciem
621 469 735 523 adjuverint,
747 469 779 509 alii
789 469 836 509 alios
843 482 878 509 no-

106 522 173 564 cendo,
203 523 241 563 Sed
259 524 322 565 adhuc
338 526 405 569 clarius
425 527 521 569 constabit
531 540 570 567 uno
583 524 672 577 exemplo
691 524 743 578 quod
758 524 879 577 subjecturus

106 578 167 629 sumll
198 578 276 633 Ulligus
293 584 312 621 et
321 581 335 621 J
336 583 418 624 ohannes
434 582 499 624 Burlri
508 580 583 622 comitis
596 579 737 620 Olanriclrardae
754 578 789 619 filii
799 578 878 619 diversis
886 584 944 628 [lou]

106 632 199 674 matribus
209 634 262 684 editi,
271 635 294 677 de
308 639 367 690 patris
377 638 463 680 defuncti
472 636 584 677 haereditate
593 634 703 688 litigabant.
733 633 797 678 Quam
807 634 878 674 occasi·

106 702 163 729 onem
182 688 243 743 Angli
258 691 283 731 ad
291 693 390 747 utriusque
398 692 509 748 perniciem,
520 695 650 746 opportunam
658 689 696 730 rati
703 690 792 730 feruntur
801 690 879 742 utrique

106 743 206 784 occidendi
222 744 303 787 alterum
312 747 396 802 impune,
412 747 524 789 facultatem
533 747 602 788 fecisse
611 745 683 799 scripto
692 745 821 785 instrumento
828 744 879 784 clam

106 797 183 840 tradito.
212 799 267 841 Inter
277 816 342 843 omnes
358 804 448 845 convenit
462 802 551 856 Ulligum
559 803 580 843 iu
589 801 669 842 fratrem
678 800 757 840 minime
768 800 813 840 satis
823 799 878 853 pium

105 854 170 894 fuisse.
198 853 256 898 Quod
274 857 372 899 Johannes
385 859 455 899 timens
465 858 510 898 clim
519 858 541 898 in
557 856 635 898 castello
645 855 669 897 ab
679 856 782 908 utriusque
797 868 878 894 consan-

105 909 175 962 guineo
195 910 311 964 exciperetur
321 913 409 967 hospitio,
419 914 449 955 vir
458 914 526 953 cautus
537 912 634 953 custodias
646 915 666 952 et
674 911 764 951 excubias
774 924 798 950 ex
807 908 877 949 famili-

105 964 169 1005 aribus
187 963 288 1008 dormienti
306 967 343 1009 sibi
358 969 441 1018 adhibet,
459 968 536 1021 illisque
545 967 619 1009 castelli
629 966 690 1007 claves
701 965 752 1007 tradi
762 965 814 1005 facit.
840 963 878 1004 Sed

105 1019 154 1059 nihil
159 1022 231 1070 tutum,
238 1021 271 1062 ubi
279 1023 363 1076 perfidiae
368 1024 421 1064 locus
429 1026 463 1064 est.
480 1022 557 1076 Hospes
564 1024 622 1063 lromo
632 1021 716 1075 perfidus
727 1026 745 1061 et
753 1021 877 1068 inhumanus,

104 1074 199 1115 instructo
219 1077 311 1126 convivio,
320 1078 395 1131 poculis
410 1077 488 1132 paratis,
501 1078 590 1118 custodes
600 1077 686 1126 inebriat,
695 1081 754 1130 atque
764 1089 838 1123 somno,
849 1075 878 1114 vi-

105 1143 169 1183 noque
175 1130 242 1183 sopitis
250 1132 311 1172 claves
325 1132 427 1182 subtrahit,
437 1136 456 1173 et
465 1133 565 1186 patefactis
575 1146 599 1173 ex
613 1133 719 1185 composito
729 1130 803 1172 foribus
813 1129 877 1182 Ulligi

104 1198 173 1236 agmen
182 1189 276 1226 armatum
285 1191 346 1227 noctu
351 1188 373 1227 in
382 1186 482 1228 castellum
491 1187 556 1227 infert.
584 1187 604 1226 A
613 1201 652 1239 quo
666 1186 704 1227 duc
715 1187 728 1226 J
729 1186 809 1226 ohannis
819 1185 876 1225 fami-

103 1239 157 1279 liares
177 1240 251 1293 equites
267 1241 367 1295 splendidi,
386 1255 452 1283 somno
463 1241 520 1294 capti,
530 1241 644 1281 circumdati
652 1241 701 1281 ferro
715 1241 800 1293 primum
809 1240 875 1280 coufo-

104 1294 189 1335 diuntur.
227 1295 241 1335 J
242 1296 327 1336 ohannes
344 1297 378 1349 qui
394 1297 415 1336 in
431 1296 519 1348 proximo
536 1295 625 1335 cubiculo
642 1295 755 1343 dormiebat,
765 1295 847 1334 clamore
856 1300 876 1334 et

104 1349 186 1401 strepitu
193 1350 287 1390 excitatus
296 1350 376 1390 loricam
386 1364 442 1404 super
450 1348 565 1390 subuculam
572 1348 637 1389 subito
644 1349 709 1389 induit
720 1367 724 1389 ε
735 1349 802 1389 stricto
811 1349 876 1401 gladio

104 1403 171 1443 cubilis
191 1405 262 1444 ostium
271 1408 360 1457 properat
370 1404 472 1445 defendere
483 1420 487 1444 :
503 1404 593 1444 omnibus
604 1404 678 1444 aditum
686 1403 805 1444 intercludit.
816 1403 877 1443 donec

104 1457 218 1511 paciscatur,
229 1462 252 1498 ut
261 1459 286 1498 ad
295 1458 385 1512 Ulligum
394 1459 478 1508 fratrem,
494 1459 527 1511 qui
537 1459 561 1499 ad
570 1460 621 1499 fores
631 1458 704 1499 castelli
713 1457 832 1512 expectabat,
847 1458 877 1497 in-

103 1512 183 1552 columis
192 1512 316 1565 producatur.
345 1513 441 1554 Caeterum
450 1513 527 1566 perfidis
537 1514 582 1554 fidei
591 1513 640 1554 nihil
649 1513 766 1555 habendum.
795 1513 835 1553 Vix
845 1526 878 1552 en-

103 1581 142 1606 sem
156 1567 237 1607 tradidit
254 1573 273 1608 et
288 1567 367 1608 loricam
377 1570 430 1610 exuit
439 1582 485 1609 cum
495 1583 505 1609 a
518 1569 589 1609 sicariis
599 1569 673 1623 inipso
683 1567 772 1610 cubiculo
783 1568 828 1608 diris
835 1567 878 1607 vul-

102 1619 180 1662 neribus
191 1622 293 1675 ccnfigitur
307 1623 375 1664 eodem
388 1638 439 1665 auno
455 1637 494 1676 quo
508 1623 618 1665 Desmoniae
632 1638 695 1665 comes
706 1628 735 1664 est
751 1624 813 1677 capite
822 1626 877 1663 trun-

104 1676 180 1717 catus.l
209 1676 295 1731 Reliquit
303 1678 353 1718 lilios
369 1678 417 1720 duos
424 1679 561 1732 Raymundum
566 1679 665 1720 Lcitrimae
674 1679 765 1720 baronem
775 1683 794 1718 et
804 1678 878 1719 Guliel-

103 1745 162 1771 mum
176 1731 275 1785 dequibus
284 1733 335 1773 infra
342 1734 403 1774 firsius
413 1747 499 1788 agemus.

420 2049 478 2090 CAP.
492 2050 550 2092 XIX.

147 2174 252 2220 Dermysius
261 2174 360 2211 O’Hurlius
374 2174 523 2220 Archiepiscopus
532 2176 602 2211 Casilina
611 2177 663 2222 longe
671 2178 802 2218 invictissimus
810 2183 828 2212 et

384 2221 490 2255 clarissimus
499 2221 575 2267 Martyr.

101 2327 141 2368 Hrs
151 2327 225 2369 bellicis
235 2329 336 2380 incendiis,
347 2329 416 2383 quibus
425 2330 466 2370 haec
476 2330 539 2371 insula
555 2330 623 2372 misere
640 2333 738 2386 flagrabat,
748 2334 826 2386 pacatis,
837 2334 875 2375 alia

100 2382 176 2423 flamma
187 2384 261 2437 excepit
270 2384 329 2438 longe
338 2384 467 2434 miserabilior,
479 2389 498 2425 et
508 2386 615 2434 immanior,
627 2401 649 2428 ea
659 2392 687 2427 est
696 2389 782 2443 tyrannis
792 2391 876 2430 exercita

100 2437 121 2495 in
138 2438 252 2489 sacerdotes,
269 2444 289 2481 et
304 2440 351 2480 alios
368 2440 481 2481 Oatholiccs.
512 2440 556 2485 Qua
573 2441 660 2483 sublatus
676 2443 769 2497 imprimis
786 2448 815 2484 est
824 2443 874 2485 Der-

99 2493 171 2546 mysius
182 2493 291 2536 O'Hurlius
297 2495 372 2536 Gasiliae
378 2495 545 2548 Arclriepisccpus‚
556 2496 579 2537 de
589 2510 628 2549 quo
637 2511 673 2538 uos
682 2499 710 2539 ita
719 2499 874 2540 memoravimus.

102 2546 215 2602 Dcrmysii'rs
226 2549 335 2591 O’Hnrlius
345 2565 413 2605 genere
422 2551 504 2592 Ibernus
515 2551 583 2604 equitis
592 2551 650 2602 filius,
660 2566 708 2605 puer
716 2556 818 2607 parentum
828 2569 876 2596 cura

99 2602 136 2643 fuit
152 2603 250 2657 ingenuus
266 2605 358 2655 moribus,
374 2610 431 2660 atque
446 2605 553 2646 litterarum
561 2606 676 2647 rudimentis
690 2607 785 2649 excultus.
821 2609 874 2651 AEvo

99 2658 191 2709 grandior
200 2659 298 2710 Lovauiae,
309 2664 328 2701 et
337 2661 414 2703 Parisiis
423 2664 500 2703 tautum
512 2661 533 2701 in
543 2661 661 2714 gravioribus
672 2663 740 2703 studiis
750 2676 875 2717 progressum

98 2712 150 2765 fecit,
158 2716 189 2764 ut,
201 2715 218 2755 si
228 2730 271 2757 cum
280 2716 392 2758 hominibus
405 2717 436 2758 sui
451 2717 541 2770 temporis
557 2716 671 2767 conferatur,
689 2718 831 2761 Grammaticus
840 2721 874 2762 rix

122 2847 130 2863 ¹¹
141 2847 165 2880 A.
175 2849 203 2882 D.
212 2852 262 2892 1583,
270 2863 287 2896 p.
297 2852 348 2891 1803,
357 2862 385 2885 see
399 2864 416 2897 p.
426 2852 476 2889 1733.
501 2850 621 2895 Immediately
633 2851 693 2886 before
705 2855 736 2889 the
744 2857 823 2900 murder,
830 2859 875 2893 both

98 2888 276 2985 gpigcpprquqtpith
288 2896 350 2941 Malby
358 2897 427 2943 against
435 2897 465 2931 the
475 2896 573 2942 O'Malleps.
584 2906 586 2910 ·
601 2896 662 2942 Malby
668 2909 702 2934 uas
711 2913 722 2934 a
730 2913 794 2946 sarcago
802 2904 874 2948 capable
