2237 3535
208 353 234 391 58
354 350 488 393 o’sunmrvrm
503 360 604 389 merorum
618 358 745 395 cernomcm,
758 356 800 384 rom
815 354 829 381 r.
889 339 940 391 [mn.
955 350 984 378 rv⁴

236 459 269 501 Ita
284 474 342 501 suum
358 462 456 514 copiosum
472 459 551 513 quidem
564 456 680 509 Gatalogurn
696 454 793 496 Henricus
809 450 896 513 absolvit.
909 448 937 511 In
946 461 985 501 quo

206 519 275 556 tamen
283 530 324 570 prae
333 517 364 557 his
373 516 448 557 ibemis
458 514 514 555 Divis
525 513 558 568 qui
567 512 621 553 relati
631 513 683 559 sunt,
693 523 785 563 perquam
795 507 852 549 multi
861 506 985 564 requiruntur

209 574 229 612 et
238 572 278 612 lere
288 571 405 613 celeberrimi
415 570 485 624 quique
499 570 520 609 in
529 567 606 610 Ibernia
613 565 672 619 vulgo
681 581 685 605 :
701 578 783 618 quorum
792 562 885 624 plurimos
894 560 986 621 perstrin-

209 640 255 680 gere
264 626 313 667 mihi
322 626 376 667 cordi
384 627 440 675 foret,
449 625 488 665 nisi
494 622 609 664 militaribus
615 619 784 662 exercitationibus
788 617 887 672 inpeditus
893 614 985 654 litterario

154 689 201 733 [aa]
209 682 274 723 studio
283 682 349 722 minus
358 681 393 722 otii
402 679 523 734 suppeditare
532 677 627 732 possemtl

528 982 587 1024 onP,
602 981 664 1023 XIII.

209 1087 264 1122 Ratio
271 1085 360 1125 redditur,
369 1086 517 1130 quemadmodum
524 1086 604 1132 Religio,
618 1090 636 1119 et
651 1086 754 1120 litterarum
762 1085 841 1120 studium
854 1085 873 1119 in
885 1084 957 1119 Ibernia
965 1086 988 1118 sit

330 1152 332 1156 ·
546 1133 650 1166 extinctum.

209 1228 257 1270 CUM
269 1242 314 1269 vero
329 1231 384 1268 tanta
396 1231 507 1281 martyrum,
516 1232 633 1278 sanctorum,
642 1228 781 1269 monachorum
790 1226 923 1277 multitudine,
933 1230 988 1267 tanto

208 1297 290 1324 numero
306 1283 417 1337 praesulum,
437 1286 467 1322 tot
482 1284 573 1325 caenobiis
592 1288 650 1338 atque
659 1283 742 1338 templis,
753 1286 792 1323 tam
803 1282 873 1323 celebri
882 1283 988 1322 litterarum

208 1338 298 1393 palaestra
313 1338 392 1379 Ibernia
407 1338 499 1388 floruerit,
507 1338 623 1380 dubitaverit
631 1340 697 1379 lorsan
704 1338 778 1392 aliquis,
789 1337 886 1391 quomodo
894 1341 949 1378 tanta
959 1352 988 1378 or-

209 1397 300 1435 namenta
310 1394 430 1444 evanuerint,
439 1397 462 1433 ut
481 1408 548 1434 eorum
557 1394 660 1448 vestigium
670 1394 703 1434 vir
712 1394 774 1434 ullum
784 1396 837 1434 extet
846 1395 914 1446 praeter
925 1393 988 1433 dmutr

209 1447 242 1490 vel
257 1448 377 1502 prophanata
392 1448 464 1502 templa
471 1452 490 1489 et
500 1450 619 1502 reliquorum
636 1450 726 1501 exiguam
745 1449 857 1489 memoriam
874 1448 988 1501 scriptorum

210 1503 265 1544 libris
285 1503 432 1544 conservatam?
461 1504 516 1544 Sinat
533 1504 626 1545 dubitare.
654 1504 746 1556 Namque
760 1518 790 1543 res
804 1502 894 1543 humanae
910 1503 989 1543 minime

212 1558 275 1599 solent
294 1557 359 1598 stabili
377 1557 439 1611 gradu
446 1558 556 1600 consistere.
584 1558 641 1599 Nihil
650 1562 680 1599 est
690 1559 742 1613 quod
751 1572 796 1607 non,
807 1558 896 1599 absumat
904 1562 989 1598 vetustas

212 1617 232 1654 et
240 1617 351 1666 temporum
356 1613 439 1653 mutatio
454 1613 487 1653 sed
493 1614 576 1655 maxime
587 1614 666 1654 bellum.
696 1613 728 1654 Sic
743 1613 805 1666 Trojae
814 1628 839 1654 ne
848 1613 951 1666 vestigium
960 1628 989 1653 re-

199 1668 279 1708 lictum
287 1671 322 1708 est.
351 1667 502 1708 Bellioooissima
517 1669 613 1722 Carthago
633 1669 710 1709 corruit.
735 1668 989 1709 Thebarumvixertatme-

211 1723 279 1763 moria.
308 1722 430 1762 Athenarum
440 1723 534 1776 sapientia
548 1724 619 1764 abolita
629 1728 663 1764 est.
692 1724 719 1764 Et
733 1723 811 1764 Ibernio
821 1723 899 1777 quidem
908 1723 990 1763 duarum

211 1778 299 1832 gentium
306 1777 395 1817 maximis
402 1776 457 1817 bellis
463 1779 541 1827 exarsit,
548 1780 633 1832 primurn
639 1779 746 1828 Danorum,
761 1778 830 1819 deinde
839 1777 948 1831 Anglorurn
955 1792 989 1832 per

211 1847 272 1874 annos
292 1832 374 1885 amplius
394 1831 551 1887 quadringentos,
562 1834 595 1887 qni
609 1848 649 1874 non
660 1833 718 1874 modo
728 1845 802 1874 sacram
817 1833 907 1882 insulam,
921 1833 989 1873 rudem

212 1891 270 1941 atque
281 1887 377 1927 incultam
392 1886 524 1928 reddiderunt.
543 1890 576 1929 sed
585 1889 624 1929 ima
641 1892 661 1929 et
674 1902 750 1928 summa
759 1889 884 1938 miscuerunt,
894 1889 915 1929 in
924 1889 989 1929 Deum

212 1944 270 1984 etiam
280 1946 299 1983 et
309 1942 386 1992 caelites,
394 1942 463 1995 impias
472 1957 542 1983 manus
551 1943 661 1984 inferentes.
691 1944 761 1996 Itaque
770 1944 803 1984 illa
817 1944 911 1985 Ibernioae
918 1945 988 1985 sancti-

210 1999 257 2038 tatis
267 2001 286 2037 et
295 1997 408 2038 eruditionis
415 1997 472 2038 facies
479 1998 614 2051 pulcherima,
620 1999 677 2047 ferro,
687 1999 769 2048 flamma,
779 2003 865 2040 veterum
875 1999 990 2041 Ibemorum

211 2053 292 2102 excidio,
309 2053 405 2093 universae
420 2052 489 2093 insula
506 2053 637 2095 devastatione
660 2053 723 2094 deleta
731 2055 823 2105 interivit,
839 2055 892 2108 quod
910 2055 989 2096 interius

211 2108 295 2161 apertius
305 2106 410 2161 apparebit.

450 2290 749 2298 Ἢ

546 2426 603 2467 GAP.
619 2426 677 2467 XIV.

375 2540 437 2585 Hujus
446 2539 504 2585 operis
513 2539 594 2585 epilogus
606 2545 624 2573 et
633 2538 721 2583 sequentis
729 2538 828 2582 promissio.

216 2658 279 2707 Siris,
290 2671 333 2698 mea
343 2657 421 2710 quidem
431 2656 526 2697 sententia
535 2656 619 2696 breviter
629 2655 653 2696 de
667 2654 761 2695 lbernicae
771 2658 826 2695 terrae
833 2653 891 2695 rebus
900 2658 990 2697 memoria

217 2712 279 2765 dignis
293 2716 312 2752 et
320 2712 438 2763 Ibemorurn
447 2711 527 2766 origine,
541 2710 628 2752 moribus
638 2714 696 2763 atque
703 2709 795 2763 religione
805 2709 894 2750 diximus.
922 2712 942 2752 A
950 2713 990 2765 qui·
1057 2758 1059 2761 ¹

216 2767 252 2806 bus
267 2767 334 2808 Ibemi
342 2767 414 2808 fuerint
428 2765 478 2807 bello
488 2767 578 2816 lacessiti,
585 2766 744 2818 baetempestate
751 2778 785 2817 pro
792 2764 831 2805 Dei
839 2765 882 2818 lege
892 2768 911 2805 et
920 2766 990 2808 Oatho-

215 2822 253 2862 lica
260 2821 346 2863 ltonrana
359 2822 396 2863 fide
406 2836 453 2875 quas
463 2822 581 2863 calamitates
594 2820 715 2875 pertulerint,
732 2833 777 2872 quas
787 2833 817 2859 res
837 2821 940 2873 gesserint:
956 2824 990 2876 qui

216 2877 301 2930 episcopi
308 2881 365 2930 atque
375 2877 481 2918 sacerdotes
489 2895 495 2927 3
504 2877 600 2931 qnietiam
606 2875 706 2916 saeculares
712 2874 806 2924 homines,
815 2878 930 2928 constantes,
936 2891 989 2932 mag-

215 2932 296 2981 nanimi,
305 2932 345 2982 fidi,
355 2932 386 2973 vel
394 2932 532 2983 inconstantes,
542 2930 641 2981 imbecilli,
651 2929 707 2971 inlidi
716 2930 799 2971 fuerint:
816 2930 849 2983 qui
859 2935 950 2986 martyres
960 2934 989 2974 in-
