2237 3535
203 401 243 439 icc
352 401 484 441 o’sunnnunur
500 411 602 439 1151111111
617 412 741 450 carnonam,
756 413 804 441 1111.
820 412 853 440 111.
897 397 947 451 [nra.
958 411 973 438 1.

202 509 358 563 pretereundum
374 508 425 547 aliud
447 507 600 549 Protestantium
617 511 757 561 stratagema,
781 510 816 564 qui
834 508 977 550 Catholicorum

203 580 265 619 agros,
276 563 386 616 municipia,
393 567 474 615 segetes,
485 567 576 613 armenta,
586 564 642 611 ferro,
652 563 767 617 flammaque
786 564 939 619 corrumpebant,
954 566 979 603 ut

204 635 252 674 qnos
262 620 332 659 virtute
342 632 432 670 superare
446 632 487 659 uon
502 622 598 672 poterant,
613 618 669 667 fame,
686 622 706 657 et-
720 618 784 659 inedia
800 621 904 668 vincerent,
914 630 978 671 neque

204 688 281 716 suorum
290 672 368 726 quidem
378 672 532 723 Prouincialium,
543 674 573 715 vel
584 673 698 714 [bernerum
712 672 801 714 factionis
811 675 898 728 Anglicae
907 672 978 715 finibus

203 728 301 771 interdurn
315 732 421 782 parcentes,
431 728 556 777 trumentum,
574 733 593 769 et
611 731 718 769 armentum
734 728 912 779 interveniendum
928 729 978 782 agri-

204 784 298 825 culturam
308 782 436 837 prohibendo,
449 797 474 823 ne
484 787 602 824 commeatus
617 787 672 832 esset,
683 797 721 836 quo
732 782 826 824 Catholici
835 785 893 837 potiti
906 784 978 825 bellum

203 842 297 892 gererent.

230 893 300 933 Ahena
319 897 397 933 moneta
416 893 488 946 reginae
505 894 562 947 jussu
582 907 651 934 ericusa
670 893 755 933 mittitur
770 892 791 932 in
812 892 910 934 Iberniam
926 907 978 934 anno

202 948 280 997 16111,1
290 961 327 1001 qua
343 948 413 1001 partim
427 948 495 1001 regina
511 948 635 988 facultatibus
652 947 772 1001 consumptis
788 948 893 988 examitum
909 948 979 997 alebat,

201 1004 270 1057 partim
280 1002 391 1043 Ibernionm
402 1017 476 1052 aarum,
488 1007 507 1043 et
524 1007 625 1055 argentum
641 1006 670 1043 est
679 1005 795 1055 surreptum.
825 1002 875 1046 Quae
884 1002 942 1043 simul
956 1017 978 1043 ac

201 1058 274 1098 bellum
292 1062 321 1098 est
336 1059 452 1098 confectum.
468 1058 517 1098 nihil
533 1059 597 1098 ualere
612 1058 668 1111 caepit
684 1072 755 1111 magna
764 1057 840 1111 jactura
856 1057 977 1106 lbernorum,

201 1114 259 1153 etiam
276 1113 424 1153 tributariorum
434 1114 512 1166 reginae,
522 1112 606 1153 manime
615 1117 749 1153 mercatorum.
778 1111 856 1166 Quippe
865 1126 978 1166 persuasum

200 1167 311 1209 habuerunt
320 1172 449 1222 protestantes
461 1182 561 1222 nunquam
578 1168 685 1208 finiendum
699 1168 758 1208 1111551
772 1167 884 1208 Ibernicum
897 1166 977 1216 bellum,

201 1224 248 1263 dum
257 1223 335 1264 Ibernis
345 1226 462 1271 commeatus
472 1227 589 1277 suppeteret,
599 1223 629 1263 vel
639 1237 714 1272 aurum,
725 1227 744 1263 et
755 1227 863 1276 argentum,
875 1236 912 1276 quo
921 1222 977 1262 illum

201 1282 346 1332 compararent:
362 1279 454 1319 exercitui
463 1292 508 1319 vero
518 1293 553 1318 suo
561 1278 652 1331 Angliam
661 1279 734 1318 victum
745 1277 917 1332 suppeditaturum.
939 1277 978 1317 Hae

200 1348 263 1373 causae
282 1334 368 1383 inerunt,
381 1333 504 1386 quamobrem
523 1338 578 1374 tanta
597 1333 625 1373 vis
643 1332 759 1373 lbernorunr
778 1347 885 1388 pauperum
904 1337 977 1373 exterus

200 1393 275 1441 gentes,
283 1388 366 1429 manime
378 1388 500 1443 Hispaniam,
511 1393 530 1429 et
541 1388 624 1429 Galliam
632 1388 761 1429 inundaverit.

465 1552 701 1559 w

535 1664 594 1706 CAP.
611 1664 636 1704 V.

283 1771 357 1804 lbernos
366 1781 400 1803 non
409 1775 446 1803 tam
454 1771 477 1803 ab
486 1771 556 1815 Anglis,
565 1783 619 1815 quam
626 1771 670 1805 alios
677 1772 700 1805 ab
708 1770 747 1804 aliis
755 1782 792 1805 esse
800 1771 884 1806 devictos.

199 1882 240 1923 1115
250 1882 306 1923 malis
324 1880 413 1921 omnibns
430 1886 510 1935 possent
526 1882 620 1922 Catholici
635 1883 753 1923 curationem
768 1882 875 1931 admovere,
887 1883 925 1924 nisi
938 1883 976 1925 alio

198 1937 272 1991 majori,
284 1941 303 1977 et
319 1937 412 1976 intestino
427 1936 495 1976 morbo
513 1938 595 1977 coniecti
611 1938 688 1991 penitus
703 1937 817 1979 delerentur.
847 1938 905 1982 Quod
913 1938 976 1992 plero-

199 2005 282 2046 rumque
298 1991 443 2032 Catholicorum
459 1991 575 2045 principum,
590 1994 623 2044 qui
641 2007 662 2033 se
680 2007 715 2047 pro
732 1993 831 2033 Catholica
851 1992 888 2033 fide
903 1994 976 2035 tuenda

198 2048 324 2096 devoverunt,
335 2046 418 2095 familia,
428 2047 527 2096 clientelae,
534 2047 640 2100 municipes
646 2048 666 2087 in
674 2048 778 2088 contrarias
787 2048 881 2088 1111111115
891 2047 975 2099 abibant,

198 2103 230 2143 alii
240 2102 287 2143 alios
297 2102 363 2151 duces,
374 2106 432 2154 atque
443 2101 531 2142 dominos
541 2101 565 2142 de
584 2103 699 2156 principatu,
710 2106 730 2142 et
740 2102 875 2143 dominationis
883 2104 925 2156 jure
935 2119 975 2144 cer-

197 2161 260 2198 tantes
270 2158 338 2198 secuti.
369 2156 458 2201 Quorum
467 2157 532 2197 miuus
540 2159 630 2210 potentes
639 2157 748 2210 Anglorum
762 2161 826 2211 partos
836 2158 974 2209 amplecteban-

197 2217 230 2253 tur
240 2227 273 2266 spe
284 2211 385 2253 obtinendi
394 2212 502 2265 principem
511 2212 577 2252 locum
586 2212 608 2252 in
616 2212 693 2253 familiis
704 2211 749 2260 suis,
757 2213 773 2252 si
782 2212 878 2266 principes
888 2213 974 2255 domina-

197 2269 256 2317 tione,
262 2268 411 2322 principatuque
418 2267 550 2316 deturbarent,
559 2281 613 2321 spem
618 2266 671 2307 illam
679 2266 749 2319 Anglis
755 2267 830 2308 callidci
837 2268 972 2320 praebentibus.

197 2322 262 2376 Igitur
278 2323 366 2363 homines
381 2322 485 2376 improvidi
501 2324 585 2376 privatas
605 2336 671 2363 causas
690 2321 772 2374 publicae
791 2322 897 2364 defensioni
915 2339 974 2366 sacrae

196 2377 251 2418 Fidei
267 2381 408 2432 praeponentes,
420 2377 466 2418 dum
476 2377 620 2432 amagnatibns
635 2376 744 2426 Catholicis,
755 2378 855 2427 sociorum,
867 2379 972 2429 clientium,

196 2433 318 2487 municipum
333 2433 406 2473 animos
422 2432 539 2483 avertebant,
553 2432 578 2474 ad
595 2431 670 2484 Anglos
686 2445 764 2484 magnas
780 2433 830 2473 vires
847 2435 972 2485 conferentes,

196 2489 248 2542 quod
257 2488 368 2537 voluerunt,
378 2501 418 2528 non
428 2492 474 2531 511111
481 2488 552 2542 adepti,
563 2491 583 2528 et
593 2487 644 2541 quod
654 2486 763 2537 noluerunt,
774 2487 883 2529 effecerunt.
910 2489 972 2530 Nam-

195 2557 232 2596 que
242 2543 385 2584 Catholicorum
395 2556 496 2596 procerum
506 2557 586 2584 suorum
600 2542 785 2593 consanguineorum
801 2545 936 2597 possessiones,
952 2550 972 2586 et

193 2598 316 2639 haereditates
326 2597 452 2651 amplissimas
461 2612 502 2638 non
515 2598 558 2652 ipsi,
570 2597 604 2638 sed
618 2596 679 2650 Angli
688 2600 734 2637 suut
742 2597 812 2652 adepti,
823 2603 842 2638 et
852 2605 971 2641 sacrosancta

193 2652 265 2694 Christi
282 2653 332 2693 Jesu
340 2653 408 2707 religio
424 2653 602 2706 propugnatoribus
612 2651 658 2692 orba
667 2652 800 2694 haereticorum
814 2652 894 2694 barbaro
903 2656 970 2705 furori,

127 2718 185 2762 [111]
193 2714 213 2748 et
222 2708 299 2749 libidini
306 2709 358 2762 jacet
368 2709 460 2762 objectat}
491 2708 520 2749 Ea
530 2709 582 2749 enim
599 2707 636 2747 fuit
654 2721 683 2747 ars
693 2721 737 2757 una,
748 2710 786 2762 qut
796 2712 901 2762 potuerunt
909 2710 971 2763 Angli

192 2763 308 2804 Ibernorum
316 2763 427 2818 principum
442 2764 491 2803 vires
507 2762 631 2811 contundere,
647 2762 699 2815 qubd
713 2777 778 2804 eorum
793 2763 902 2817 dignitates,
912 2769 971 2819 atque

191 2820 292 2872 vectigalia
301 2818 450 2872 consanguineis
460 2818 552 2873 ipsorum,
563 2818 597 2870 qni
607 2817 691 2866 clientes,
700 2821 757 2873 atque
766 2819 829 2859 socios
839 2819 863 2858 ab
872 2819 910 2860 illis
924 2821 970 2863 sub-

192 2872 289 2923 ducerent,
301 2873 450 2928 pollicebantur,
468 2888 504 2914 nec
523 2879 589 2914 tamen
608 2872 662 2912 finito
681 2872 731 2914 bello
749 2874 849 2928 promissis
868 2879 969 2918 steterunt.

475 2985 482 3001 '⁶
496 2984 566 3020 Moore,
580 2981 613 3016 lv,
624 2993 641 3026 p.
651 2985 688 3017 124.
