2237 3535
56 338 59 343 '
91 349 134 377 oar.
150 337 189 389 vr]
305 351 331 379 nn
345 352 409 381 nanno
425 354 544 385 ournnnorn
559 355 668 383 rnnonnrr.
826 346 864 387 177

91 448 154 485 tantes
171 446 222 486 ultra
237 448 349 500 procedunt,
364 451 417 492 hand
433 452 486 493 dubii
496 452 544 505 quin
554 456 592 491 tarn
611 451 674 492 valido
690 454 775 493 exercitu
789 468 811 494 ea
825 455 865 495 sola

90 501 211 553 expeditione
228 516 293 542 ornnes
308 503 385 546 O’Nelli
395 512 415 547 et
424 507 568 548 Catholicorunr
577 507 626 546 vires
637 509 784 557 contunderent}
795 512 814 548 et
824 510 864 549 eni-

90 569 131 594 mos
148 556 264 610 frangerent.
285 557 378 601 Caeterum
387 576 427 603 non
442 563 519 615 longius
530 561 581 601 rnille
591 565 611 601 et
620 563 732 615 quingentis
741 563 829 616 passibus
839 564 863 605 ab

90 609 200 672 Ardmachtt
209 616 255 652 sunt
264 616 363 667 progressi,
374 617 420 657 olnn
429 617 457 657 eis
467 616 563 657 O'Nellus
573 630 617 656 suas
628 618 706 671 exiguas
717 619 781 672 copias
792 619 863 659 ducens

89 671 178 715 occurrit,
195 667 229 707 sed
245 669 304 709 serius
318 670 382 712 forsan
399 686 457 725 quarn
473 672 515 724 ipse
533 670 614 720 volebat,
625 673 660 724 qni
669 687 701 713 eos
716 673 739 713 ab
753 674 864 715 ardmacha

88 734 185 761 removere
201 722 295 775 cupiebat.
323 726 355 765 Ad
370 727 449 768 Vadam
459 726 556 767 Otirensis
570 725 664 767 Ecclesiae
680 728 734 781 (Beal
744 728 863 769 anthaKill-

89 775 142 838 otii).
153 776 203 838 viarn
223 777 302 828 obsidet,
320 785 339 821 et
357 782 464 823 Gallienses
480 786 539 836 atque
554 781 660 835 Belgenses
674 788 773 824 veteranos
787 784 862 837 Anglos

88 829 155 893 laetrtra
164 833 303 887 triurnphantes
311 834 380 877 infeste
390 837 507 891 aggreditur,
513 836 585 885 turbat,
591 837 683 891 propellit
690 838 710 878 :÷÷
723 839 862 892 incompositos

87 900 109 926 tn
118 885 246 948 Ardrnacharn
263 903 302 930 sese
317 891 429 945 recipientes
439 893 532 946 seqnitur,
542 892 614 932 multos
624 893 713 934 occidens
723 897 743 934 et
751 893 861 937 vulnerans.

87 940 181 982 Cathohci
191 946 266 984 tanturn
276 945 401 999 quadraginta
410 951 456 988 sunt
462 947 569 997 desiderati,
575 948 627 988 inter
633 961 681 1001 qnos
692 949 731 989 cluo
741 949 778 989 viri
787 948 861 989 nobiles

86 995 238 1040 Farmodirrhius
255 999 383 1042 O'Hanlonus
399 1007 418 1042 et
434 1002 526 1043 Patritius
544 1002 588 1043 Mac
606 1002 692 1044 Grnllins
709 1003 860 1045 succubuerunt.

86 1051 141 1104 Regii
156 1053 226 1094 relictis
242 1055 355 1096 ardmacha
372 1058 482 1110 quingentis
492 1057 585 1098 militibus
595 1058 686 1111 praefecto
695 1059 799 1100 Francisco
809 1060 860 1099 Stas-

85 1106 148 1156 lurtlo,
159 1110 222 1162 equite
232 1115 310 1160 aurat03
325 1113 388 1151 eaeteri
395 1113 465 1152 reversi
470 1127 510 1152 non
517 1112 584 1166 procul
594 1112 718 1167 aDnndalget
724 1115 859 1164 constiterunt,

85 1162 119 1201 ubi
128 1176 196 1216 prorex
206 1169 268 1205 totum
279 1167 377 1218 negotium
394 1167 540 1207 administrandi
554 1167 626 1208 bellum
635 1169 657 1208 in
667 1168 773 1210 O'Nellurn
782 1170 860 1210 Norrisi

84 1217 199 1312 relinggens,
215 1220 256 1274 ipse
271 1220 402 1261 Dublrlinnam
420 1221 475 1271 redit,
492 1227 514 1261 nt
531 1221 586 1262 rebus
604 1222 695 1277 Lageniee
713 1229 732 1265 et
741 1224 859 1265 Oonnaolrtee

84 1286 138 1325 pron
152 1278 189 1313 eat.
227 1295 242 1303 ·-
264 1298 265 1301 =

417 1594 474 1634 GAP.
491 1594 527 1634 VI.

81 1731 110 1794 Ne
118 1743 153 1776 pax
160 1732 230 1766 ineatur
237 1732 312 1776 Hispani
317 1732 370 1776 legati
376 1732 471 1776 prohibent
478 1746 482 1765 :
488 1732 594 1766 Ardrnaohae
600 1731 700 1776 praesidium
707 1731 763 1766 Divus
770 1731 856 1765 Patritins

401 1777 445 1810 mire
453 1777 531 1822 affligitll
864 1790 923 1833 [142¹]

81 1909 162 1948 Rursus
172 1909 263 1961 utrinque
273 1907 336 1959 agitur
345 1906 368 1947 <le
378 1921 438 1959 pace:
453 1906 541 1960 aregint
551 1907 671 1947 conditiones
681 1907 784 1948 Catholicis
795 1922 855 1949 sacer-

81 1963 158 2004 dotibus
168 1967 187 2003 et
197 1962 318 2003 saecularibus
335 1976 395 2015 aequae
411 1966 430 2001 et
446 1962 555 2002 honorificae
571 1962 684 2001 offeruntur.
713 1962 745 2001 Ab
764 1962 854 2013 O’Nesso,

80 2018 189 2060 O’Donello
198 2023 218 2058 et
232 2017 274 2059 aliis
289 2016 364 2057 Ibernis
382 2016 457 2056 obsides
468 2016 573 2069 aecipiendi
588 2016 709 2056 conditiones
716 2018 779 2070 justas
791 2022 810 2057 et
819 2019 854 2058 ho-

35 2114 37 2116 ,
79 2069 151 2123 nestas}
166 2077 186 2114 et
202 2072 284 2127 amplius
298 2086 338 2112 non
354 2070 459 2112 rebellandi
476 2071 552 2111 dantur.
581 2071 679 2111 Caetertnn
694 2073 807 2125 prinsquam
816 2088 854 2126 pax

60 2146 62 2148 ·
77 2129 131 2177 inita,
142 2133 161 2169 et
171 2143 223 2169 arma
233 2143 243 2169 e
253 2127 340 2168 manibus
357 2127 435 2167 dimissa
451 2131 503 2175 sunt,
519 2125 583 2166 Ochus
594 2129 613 2166 et
623 2126 655 2166 alii
665 2125 751 2180 Philippi
761 2127 791 2177 H,
806 2127 854 2169 His-

19 2203 23 2208 <
78 2183 179 2236 paniarum
188 2183 238 2236 regis
253 2182 312 2236 legati
326 2182 350 2222 ad
366 2181 472 2221 O'Nellurn
482 2186 501 2222 et
511 2180 641 2222 O'Donellum
656 2187 791 2234 pervenerunt,
801 2184 854 2236 regio

78 2238 158 2278 nornine
172 2238 263 2291 jubentes
279 2237 359 2277 Ihernos
373 2236 419 2276 forti
428 2237 492 2276 animo
507 2250 554 2284 esse,
565 2237 670 2276 exercitum
680 2236 718 2276 illis
728 2237 770 2277 sine
780 2240 854 2279 morta

77 2307 122 2346 rege
132 2293 237 2342 Catholico‚
248 2292 333 2333 subsidio
343 2291 459 2332 mittendum
468 2305 515 2331 esse.
545 2290 590 2335 oua
598 2291 695 2345 legatione
705 2292 794 2333 effectum
804 2296 854 2342 est,†

77 2351 100 2388 ut
110 2348 133 2388 de
142 2347 284 2388 conditionibus
301 2347 378 2388 minim&
394 2347 510 2396 convenerit,
521 2350 541 2387 et
554 2346 627 2386 bellurn
643 2346 734 2399 utrinque
750 2349 775 2388 sit
791 2348 854 2388 redin-

77 2407 179 2457 tegratum.
210 2402 344 2451 O’Hanlonus,
355 2401 400 2442 Mac
414 2400 500 2453 Engnsa,
511 2406 530 2441 et
540 2405 581 2441 tota
588 2401 671 2441 Ultonia
679 2406 749 2455 praeter
758 2403 852 2455 praesidia,

78 2472 121 2511 quae
130 2458 178 2511 regii
187 2458 280 2499 tenebant
289 2462 308 2498 et
317 2456 473 2510 Anglo-Ibernos
483 2456 551 2495 Uriliee
561 2457 702 2509 conspirarunt.
731 2456 757 2497 ln
766 2456 853 2510 Lagenia

76 2513 149 2554 bellurn
159 2513 213 2554 ardet
223 2517 242 2553 et
251 2512 362 2554 Gonnachta
372 2515 412 2552 erat
421 2510 499 2551 minime
508 2516 582 2563 pacata.

105 2570 135 2610 Ac
145 2568 251 2609 O’Nellum
268 2568 345 2621 quidem
362 2566 470 2608 Ardmaeha
486 2565 534 2605 urbs
551 2578 603 2606 sacra
621 2564 645 2605 ab
655 2565 749 2605 haereticis
759 2567 852 2607 containi-

100 2732 107 2748 ⁸
119 2730 167 2764 June
175 2732 204 2770 29,
214 2731 264 2764 1595.
288 2728 307 2762 It
314 2740 349 2762 was
363 2726 462 2771 manifestly
470 2725 504 2759 this
512 2730 607 2758 reneontre
621 2726 661 2759 that
673 2726 772 2770 compelled
780 2729 853 2764 Russell

77 2776 112 2808 and
120 2775 185 2809 Norris
193 2781 212 2809 to
221 2780 283 2808 return
292 2774 327 2807 and
334 2773 396 2817 fortify
404 2771 490 2816 Armagh,
498 2770 544 2803 after
557 2771 624 2814 having
638 2771 722 2804 marehed
731 2783 764 2806 one
773 2774 814 2807 mile
823 2775 853 2808 be-

76 2821 123 2863 yond
130 2821 150 2853 it.
176 2822 218 2859 Coa,
226 2832 243 2865 p.
251 2821 290 2855 407.
314 2820 362 2852 Fcttr
371 2819 453 2855 Motters,
462 2828 479 2860 p.
490 2817 540 2854 1969,
549 2816 588 2849 who
597 2816 620 2848 do
629 2821 666 2855 not,
675 2816 764 2857 however,
774 2820 852 2853 mention

76 2875 110 2908 arry
118 2865 179 2906 battle,
188 2870 251 2910 except
259 2865 298 2898 thet
306 2864 335 2897 the
345 2864 392 2897 lrish
399 2861 477 2908 pursuetl
484 2861 514 2894 the
523 2871 583 2905 enemy
592 2865 612 2894 tc
621 2861 651 2894 the
660 2866 710 2907 gates
716 2861 737 2895 of
744 2862 816 2909 Newry.

99 2908 111 2945 †
125 2910 169 2950 (lox,
177 2922 194 2955 p.
205 2913 246 2950 410,
254 2909 300 2944 nl).
310 2911 367 2943 1595?

188 2959 213 2996 23
