2237 3535
96 370 140 399 cae.
155 356 190 408 in]
313 370 339 396 nn
354 370 419 399 annno
434 370 553 401 cursorem
567 368 676 399 Aaronom.
825 360 864 399 235

94 465 184 522 principis
194 464 250 515 filius,
260 466 335 518 Daniel,
346 468 469 510 O’Sullevani
485 466 556 520 Magni
572 466 629 516 filius,
640 467 746 517 Cornelias,
757 470 777 507 et
785 465 865 520 Dermy-

94 524 132 563 sius
143 519 262 561 &nascaris
271 521 345 576 Magni,
355 524 396 574 filii,
412 522 525 576 Dermysius
535 520 675 562 O’Sullcvanus
684 526 738 576 pater
747 535 808 571 meus,
817 521 866 561 Der-

92 576 171 630 mysius,
183 574 220 616 duo
234 575 328 631 Dionysii,
343 583 362 620 et
379 579 487 620 Florentius
505 576 551 617 Mac
561 575 638 617 Carrhae
655 577 719 627 Fusci,
737 577 811 630 equites
821 575 866 616 Mac

94 630 176 680 Suinnii,
187 629 291 685 Dionysius
308 633 409 675 O’Driscol
423 647 467 675 cum
477 632 518 672 suis
527 630 625 672 hatribus.
654 632 686 672 Ad
697 646 740 673 eum
751 631 867 685 confugiunt

94 685 209 727 O'Conohnr
218 686 311 737 Kierrius,
321 689 366 730 Mac
376 690 438 730 Moris
446 688 528 729 Lacsnae
537 687 594 736 Baro,
608 700 666 740 eques
676 688 762 729 Auratus
772 686 866 733 Kierrius,

93 755 152 795 eques
161 741 246 782 Auratus
256 743 316 784 vallis.
332 744 430 785 Johannes
441 742 553 784 Giraldinus
567 743 643 783 comitis
657 742 720 791 frater,
732 742 808 782 Jaimus
817 740 866 781 But-

93 797 151 837 tlerus
163 795 239 837 baronis
249 796 334 839 Catharae
342 800 401 840 irater
410 799 507 853 superiore
517 797 567 839 bello
584 798 624 838 suis
638 797 794 852 possessionibus
804 796 865 850 ejecti.

93 850 231 892 O’Snllevanus
251 852 346 894 Gulielmo
365 854 438 904 Burhc,
458 853 555 894 Richardo
571 853 649 902 l'irello,
666 857 686 893 et
702 853 744 894 aliis
759 851 866 899 conductis,

92 906 219 947 obaeratorum
235 906 310 948 delectu
325 910 438 963 conscripto,
455 914 474 950 et
492 908 586 949 sociorum
605 908 682 949 auxiliis
698 909 759 949 millia
781 906 865 947 militum

92 962 166 1002 circiter
190 960 227 1002 duo
249 962 355 1016 juventutis
375 965 440 1005 electae
463 967 566 1017 comparat.
604 963 681 1008 deibus
697 978 719 1004 ea
736 964 804 1017 hyeme
818 962 865 1001 For-

91 1017 207 1069 rentirupem
224 1017 310 1071 (Garraig
329 1033 354 1059 an
379 1019 463 1072 neasaig)
487 1032 555 1068 arcem,
574 1033 631 1072 quam
648 1018 711 1059 solum
734 1019 755 1059 in
773 1016 865 1058 Beantria

91 1071 169 1111 tenebat
178 1071 277 1124 Eugenius
288 1073 426 1115 O’Sullevanus
436 1087 510 1127 semper
519 1074 590 1126 regina
606 1078 670 1128 partes
685 1072 784 1123 secutast
793 1072 864 1127 partim

91 1140 167 1180 aggere,
182 1126 273 1174 torribus,
290 1128 356 1179 vineis,
373 1129 470 1178 musculis,
488 1128 558 1182 pluteis
573 1133 710 1182 oppugnatam,
720 1129 791 1183 partim
806 1128 864 1168 aneis

90 1182 191 1221 tormentis
200 1186 308 1234 quassatam
317 1184 337 1224 in
347 1198 401 1224 suam
411 1187 526 1237 potestatem
535 1183 614 1236 redegit.
644 1183 829 1224 O’Dcnncbhanum
839 1182 864 1222 ad

91 1236 166 1289 Anglos
182 1250 284 1287 reversum,
300 1243 319 1278 et
335 1238 382 1279 alios
397 1238 506 1292 Anglorum
522 1237 623 1278 auxiliares
637 1238 764 1292 depraedatur.
793 1238 864 1290 Regias

92 1292 162 1344 copias,
173 1292 244 1344 quaein
254 1292 358 1333 Momcniis
374 1297 434 1342 erant,
443 1297 516 1333 terrore
532 1293 628 1346 perculsas
643 1294 664 1333 in
674 1294 744 1347 oppida
753 1293 833 1341 munita,
845 1295 864 1332 et

93 1360 144 1386 arces
154 1346 257 1399 compellit.

426 1561 483 1603 CAP.
499 1562 530 1602 H.

114 1672 213 1717 Regiorum
221 1675 322 1716 apparatus,
331 1674 348 1703 et
357 1669 440 1714 potentia.
466 1670 522 1704 carui
535 1671 623 1715 expeditio
631 1672 693 1716 prima
717 1673 760 1707 Mac
770 1671 843 1705 Carrhae

450 1726 505 1749 mors.

92 1808 133 1849 His
149 1806 233 1848 motibus
250 1805 310 1859 Angli
325 1805 448 1845 vehementer
457 1805 533 1854 soliciti,
544 1808 563 1845 et
573 1807 631 1855 anxii,
642 1820 699 1859 quam
709 1807 810 1847 maximam
819 1821 864 1860 pos-

92 1862 192 1904 suntbelli
201 1861 271 1902 molem
280 1861 302 1900 in
317 1859 467 1901 O'Sullevanum
484 1860 606 1900 constituunt
615 1868 694 1902 vertere.
724 1862 819 1915 Georgius
828 1862 864 1903 Ca-

91 1932 138 1959 rnus
148 1916 290 1958 Momcniarum
299 1914 400 1968 praefectus
408 1914 524 1955 Oorcacham
531 1915 592 1967 regias
600 1916 665 1968 copias
673 1921 771 1957 convocat.
786 1917 865 1957 Auxilia

91 1973 205 2014 Ibernorum
222 1970 306 2011 accersit.
334 1969 368 2009 illi
382 1974 452 2022 praesto
467 1969 552 2018 fuerunt,
569 1970 643 2022 aliquot
657 1971 804 2024 Anglc-lberni,
815 1972 865 2011 ethi

91 2028 187 2068 Mornonii
196 2028 301 2078 magnates,
311 2024 352 2064 sine
362 2024 431 2077 quibus
446 2024 507 2077 Angli
521 2038 588 2077 parum
598 2026 674 2078 negocii
687 2033 767 2079 possent
776 2025 863 2067 O'Sulle-

90 2085 154 2128 vano†
163 2083 260 2129 facessere,
270 2078 374 2134 Dionysius
390 2078 474 2119 O'Brien
491 2079 607 2120 Lomnachae
623 2081 711 2133 princeps
729 2080 833 2134 quondam,
844 2086 864 2121 et

90 2138 189 2178 Fomoniae
198 2150 268 2184 comes,
278 2134 323 2175 Mac
338 2133 410 2174 Oarrha
424 2134 499 2175 Fuscus
514 2133 596 2175 Garbriae
610 2135 705 2189 princeps,
722 2135 803 2176 Carolus
816 2136 863 2177 Mac

90 2192 162 2232 Cartha
185 2190 276 2231 Muscriae
294 2190 388 2243 princeps,
407 2188 486 2229 Barrius
509 2189 595 2243 Magnus
624 2189 728 2230 Botevanti
751 2191 863 2240 vicecomes,

91 2245 269 2295 O'Donnobhanus,
279 2259 336 2297 eques
345 2245 430 2284 Auratus
445 2244 515 2293 Albus,
525 2244 625 2298 Eugenius
639 2245 778 2286 O’Sullevanus
793 2245 863 2286 O'Sul-

89 2301 152 2341 levani
162 2301 239 2353 quidem
248 2300 345 2354 patruelis,
354 2299 415 2339 hostis
424 2303 489 2340 tamen
498 2299 639 2350 infestissimus,
649 2300 761 2354 Dermysius
776 2300 863 2341 O'Sulle-

90 2357 135 2396 vani
151 2355 220 2409 Magni
236 2356 300 2404 frater,
315 2354 419 2407 Dionysius
435 2359 454 2394 et
470 2354 579 2396 Florentius
596 2355 642 2396 Mac
651 2355 727 2396 Carrhae
741 2356 814 2404 fratres,
830 2357 865 2409 qui

91 2410 242 2452 O'Sullexanum
252 2410 375 2450 deseruerunt
384 2425 388 2449 :
403 2408 503 2450 Urmoniae
513 2411 615 2451 comitatus
630 2410 720 2459 delectus,
731 2414 750 2451 et
763 2411 862 2451 auxiliares

91 2466 114 2506 ab
125 2466 166 2507 aliis
176 2466 235 2506 missi.
264 2465 325 2506 Totus
341 2464 434 2505 exercitus
451 2464 562 2505 continebat
572 2465 616 2519 plus
626 2469 708 2518 quatuor
717 2464 803 2505 millibus
812 2466 863 2506 mili-

90 2525 139 2570 tum,
164 2534 246 2574 quorum
269 2521 302 2561 vix
319 2519 419 2574 quingenti
442 2523 496 2560 erant
521 2519 586 2573 Angli.
626 2520 694 2560 Caeteri
716 2525 771 2560 crant
790 2520 863 2570 lbani,

91 2580 110 2616 et
128 2575 275 2630 Angla-iberni,
296 2576 328 2629 qui
348 2574 450 2629 desperatis
468 2573 526 2615 rebus
545 2574 557 2614 et
576 2575 643 2628 regina
662 2575 765 2615 desciscere
784 2575 864 2616 minime

91 2631 128 2671 sibi
144 2636 214 2681 tutum,
233 2635 252 2671 et
266 2630 363 2685 integrum
378 2629 518 2670 existimabant.
546 2629 595 2670 Cum
611 2631 642 2670 his
659 2630 717 2682 copiis
732 2630 864 2672 GarnusCor·

91 2686 162 2732 cachat
179 2701 266 2740 egressus
280 2686 352 2727 Martio
369 2699 433 2726 mense
449 2699 498 2726 anuo
512 2684 612 2725 millesimo
627 2685 764 2726 sexcentesimo
779 2687 864 2727 secundo

114 2800 121 2815 ⁸
134 2800 184 2833 Four
192 2799 276 2838 Mostene,
283 2810 301 2842 p.
310 2800 361 2832 2305.

114 2844 123 2884 †
136 2844 268 2882 3‚000.-Fonr
283 2844 366 2883 Mamers,
379 2854 397 2887 p.
409 2843 466 2884 23053
481 2839 530 2880 150⁰
543 2839 622 2874 effective
634 2851 680 2881 men,
695 2842 762 2875 Pacata
772 2842 865 2877 Hibernia.

91 2887 129 2921 Not
143 2890 204 2922 Oarew
212 2888 288 2927 himself,
297 2889 328 2922 but
342 2889 373 2921 the
387 2886 428 2922 Earl
437 2885 458 2919 of
468 2884 568 2924 Tbcmond,
576 2886 692 2920 commanded
700 2887 735 2921 this
743 2888 784 2922 first
793 2889 863 2934 expedi-

91 2933 134 2973 tion,
142 2933 158 2965 if
168 2946 192 2967 we
201 2946 234 2967 cau
242 2933 307 2967 believe
317 2934 384 2967 Pacata
392 2931 479 2966 Hibernia
485 2931 521 2964 and
528 2931 558 2964 the
567 2930 617 2965 Four
626 2930 709 2966 Masters.
