2237 3535
80 410 124 438 car.
135 392 205 446 rutra]
245 408 273 435 ua
283 408 378 439 curruca
387 407 459 436 rnrnns
470 405 629 434 runsucurrcrus
640 407 731 435 runorrs.
812 397 852 435 299

79 520 137 560 quam
146 504 199 545 rudis
209 505 273 546 evasit.
304 504 357 549 Quas
366 505 390 546 ob
401 504 507 559 singulares
521 503 576 543 dotes
590 503 681 543 Pontifici
691 504 772 559 maximo
783 503 853 557 dignus

79 565 108 601 est
117 561 170 600 visus
179 558 239 609 Duni,
250 564 269 600 et
279 560 364 601 Coneriae
373 561 482 614 Episcopus
490 558 609 611 inaugurari.
639 559 752 612 Susceptam
768 558 801 598 ille
810 573 853 612 pro-

78 616 161 656 vinciam
170 614 299 656 funestissimo
308 617 374 668 patria
383 631 423 656 snae
433 622 524 668 tempore,
536 627 575 667 quo
585 614 673 654 marirnae
687 614 824 663 molestiarum,
835 619 854 654 et

78 670 246 711 turbulentissimae
262 675 384 724 tempestates
401 671 506 711 extiterunt
521 668 606 722 Anglica
621 669 690 709 haeresi
706 669 728 709 in
746 669 854 709 animarum

78 726 182 779 perniciem
195 725 304 774 immanius,
314 730 333 766 et
348 727 416 767 sarius
430 724 491 766 indies
511 728 610 777 grassante
620 738 654 777 per
663 739 725 764 annos
735 723 810 764 circiter
819 725 853 764 tri-

78 780 133 833 ginta
142 779 230 834 praeclare
239 782 304 834 gessit,
315 784 456 821 sacrosanctum
464 779 536 820 Christi
550 779 565 819 J
565 794 600 820 esu
608 779 737 833 Evangelium
748 791 853 832 exponens,

78 839 194 875 sacramenta
203 835 318 884 ministrans,
325 836 419 889 populum
428 835 465 876 sibi
475 834 612 875 demandatum
623 835 644 875 in
655 834 764 875 Christianti
774 835 854 874 veritate

78 890 197 939 confirmans,
215 891 263 931 nihil
280 890 332 944 qnod
348 891 372 931 acl
387 890 434 931 boni
450 890 536 943 praesulis
545 896 610 943 partes
619 890 764 938 desideraretur,
775 893 854 942 praeter-

77 945 162 994 mittens,
180 945 203 985 ab
219 946 313 986 haereticis
328 945 425 985 interdum
442 949 515 998 captus,
532 959 613 995 carcere,
626 946 747 999 vinculisque
764 948 853 993 vexatus,

77 1000 151 1040 labores
160 999 280 1040 incredibiles
288 1001 390 1049 sustinens,
400 1000 458 1041 nullis
469 1000 609 1041 calamitatibus
622 1001 701 1041 tractus.
730 1000 822 1052 Denique
832 1000 853 1040 in

77 1055 114 1095 hec
124 1055 137 1095 J
138 1054 192 1095 acobi
200 1056 250 1108 regis
260 1056 392 1109 persecutione
402 1055 426 1095 ab
436 1054 506 1108 Anglis
515 1055 610 1096 militibus
620 1055 654 1095 diii
663 1056 756 1109 quaesitus
773 1055 853 1108 repente

78 1110 216 1150 circumeuntes
232 1110 245 1149 J
245 1111 292 1150 unio
309 1124 374 1149 mense
383 1124 434 1149 anno
443 1113 487 1162 post
496 1109 611 1163 Virginenm
620 1115 697 1162 partum
707 1110 810 1150 undecimo
821 1124 853 1150 su-

77 1179 111 1217 pra
127 1164 248 1205 millesimum
265 1165 428 1205 sexcentissimum
444 1164 598 1217 deprehenditur,
613 1179 658 1205 cum
672 1165 696 1205 ab
706 1165 770 1219 equite
780 1164 852 1205 lherno

77 1224 167 1272 exceptus
177 1219 262 1272 hospicio
273 1223 409 1259 sacremeutum
418 1219 566 1260 confirmationis
572 1220 691 1269 celebrasset,
702 1225 721 1260 et
731 1219 853 1260 Dubhlinam

77 1274 151 1314 delatus
166 1275 187 1313 in
203 1273 336 1326 caliginosum,
351 1273 477 1326 foetidumque
494 1288 595 1323 carcerem,
612 1275 720 1328 conjicitur.
750 1274 790 1314 Sub
800 1274 852 1315 idern

77 1334 153 1382 tempus
169 1329 261 1368 Patritius
277 1328 418 1369 O'Luchranus
434 1328 521 1368 sacerdos
538 1329 602 1369 Roma
616 1344 704 1369 reversus
720 1331 742 1369 in
758 1330 852 1383 oppidum

77 1385 196 1424 maritimum
205 1382 321 1424 Corchacam
332 1383 413 1436 appulit.
443 1382 484 1422 Ubi
494 1397 537 1423 cum
547 1384 607 1424 homo
616 1384 696 1424 minime
706 1384 784 1424 dolosus
793 1386 853 1424 inter-

77 1439 154 1491 roganti
163 1438 252 1491 praeiecto
262 1453 282 1478 se
292 1438 415 1486 sacerdotem,
425 1441 445 1477 et
453 1437 573 1490 Papisticum
588 1452 628 1478 esse
643 1440 771 1486 confiteretur,
782 1439 852 1479 Dubh-

76 1493 149 1533 linnam
166 1505 242 1545 quoque
257 1493 327 1532 missus
344 1492 365 1531 in
382 1506 475 1532 carcerem
490 1492 606 1541 detruditur,
622 1507 663 1533 non
677 1493 790 1533 ineundam
808 1508 853 1533 oum

76 1548 180 1601 Episcopo,
191 1548 224 1599 qui
233 1561 276 1587 arce
292 1546 345 1599 regit
360 1546 467 1595 tenebatur,
478 1547 511 1586 sed
520 1547 541 1587 in
551 1548 609 1587 alium
619 1547 731 1588 facinorosis
741 1548 853 1588 horninibus

77 1602 169 1642 dicatum.
191 1601 254 1641 Ambo
264 1615 339 1641 menses
349 1602 423 1641 circiter
433 1605 506 1654 septem
515 1602 572 1642 variis
582 1603 662 1642 miseriis
672 1603 767 1652 concussi,
776 1603 799 1643 in
808 1618 853 1643 oon-

76 1657 167 1697 ventibus
182 1670 246 1696 mense
264 1656 356 1696 Januario
373 1659 464 1709 sequente
479 1655 550 1696 habitis
567 1672 592 1697 ne
608 1658 702 1699 haereticis
720 1658 798 1712 quidem
806 1658 854 1712 ipsis

77 1712 149 1765 majore
164 1711 227 1763 pona,
243 1725 301 1764 quam
317 1711 371 1764 longi
387 1712 466 1752 carceris
483 1711 599 1752 detrimento
616 1713 715 1753 coercendi
732 1713 853 1754 videbantur.

76 1766 138 1807 Aliud
147 1771 211 1806 tamen
220 1765 298 1819 Angliae
307 1767 358 1819 regis
367 1769 386 1805 et
396 1766 469 1807 consil'
473 1766 529 1819 jussu
538 1767 573 1818 (sic
579 1767 704 1820 enimiertur)
713 1771 742 1808 est
748 1768 852 1818 decretum,

76 1821 127 1862 laesae
143 1820 249 1873 magistatis
263 1821 343 1861 erimine
356 1821 497 1861 insimulantur.
526 1822 574 1861 Dies
584 1822 621 1862 illis
631 1822 656 1862 at]
665 1822 766 1863 dicendam
775 1837 852 1863 causam

76 1876 206 1916 constituitur.
236 1875 285 1919 Quae
295 1875 335 1914 dies
345 1889 388 1914 cnm
398 1876 487 1924 venisset,
497 1890 532 1929 pro
542 1877 640 1926 tribunali,
648 1878 781 1930 quodregium
791 1892 853 1918 scarn-

76 1944 124 1970 num
139 1931 244 1978 nominant,
262 1930 369 1978 sistuntur3
384 1930 465 1982 patroni,
477 1933 495 1969 et
510 1932 638 1983 procuratoris
648 1932 718 1972 auxilio
729 1932 823 1982 destituti,
834 1938 854 1974 et

76 1985 175 2039 prohibiti,
193 1985 282 2036 omnique
299 1985 468 2024 sacratissimarum
477 1984 542 2038 legum
552 1986 641 2039 praesidio
651 1988 700 2027 nudi
710 2001 764 2027 suam
774 2002 853 2029 causam

77 2055 131 2080 orare
141 2039 287 2092 compelluntur.
315 2038 388 2078 Aderat
405 2039 437 2079 hic
453 2043 512 2089 actor,
523 2040 553 2080 vel
563 2045 667 2091 accusator,
678 2042 808 2083 homunculus
819 2043 852 2084 ab·

75 2096 143 2148 jectus,
159 2094 280 2146 incognitusll
299 2093 380 2146 pecunia
396 2097 504 2146 corruptus,
522 2095 556 2148 qui
572 2110 613 2136 non
632 2096 669 2136 alio
689 2098 768 2148 crimine
787 2099 919 2151 potuit[·231.]

77 2149 188 2201 episcopum
204 2162 289 2201 arguere,
305 2148 363 2200 quam
380 2148 432 2201 quod
446 2149 468 2188 in
484 2149 566 2190 Ultonit
582 2150 659 2203 degerat
676 2166 720 2192 enin
731 2151 822 2202 O'Nello,
833 2158 852 2194 et

77 2204 119 2244 aliis
129 2202 231 2243 Catholicis
241 2207 307 2243 contra
316 2202 448 2243 Elizabetham
458 2217 492 2255 pro
502 2204 539 2244 fide
548 2205 621 2246 bellum
631 2207 749 2259 gerentibus.
768 2207 854 2248 Praeerat

75 2258 148 2312 judicio
156 2257 270 2298 Dominicns
281 2257 388 2298 Sarfeeldus
395 2258 538 2299 crudelissimus
546 2260 673 2310 sacerdotum,
682 2267 701 2301 et
709 2261 853 2303 Catholicorum

77 2314 161 2353 virorum
171 2312 277 2362 damnator,
287 2313 401 2362 innocentis,
412 2318 431 2353 et
441 2313 545 2355 Christiani
555 2316 653 2368 sanguinis
663 2317 733 2357 effusor
743 2316 852 2359 liberalissi-

77 2382 126 2417 mus,
143 2371 162 2407 et
178 2367 202 2407 oh
219 2367 240 2407 id
255 2366 313 2407 titulo
330 2368 400 2420 equitis
416 2369 477 2408 aurati
486 2369 510 2409 ab
520 2370 615 2411 haereticis
631 2371 719 2411 donatus.
748 2371 798 2424 Ejus
807 2388 853 2414 vero

77 2423 150 2476 collega
160 2422 195 2461 etsi
204 2422 305 2462 haereticus
314 2426 361 2471 erat,
371 2437 390 2462 se
400 2426 465 2463 tamen
472 2438 545 2476 agrum
553 2425 656 2475 simulavit,
665 2441 691 2466 ne
700 2427 800 2467 innocenti
809 2443 852 2468 san-

77 2478 137 2530 guine
146 2491 166 2517 se
175 2476 274 2529 pollueret.
303 2476 418 2518 Dominicus
426 2478 613 2520 truculentissimum
619 2495 673 2521 suam
683 2482 759 2522 vultum
768 2482 793 2522 ad
803 2484 853 2536 epis-

77 2539 147 2586 copum
157 2535 274 2580 convertens,
286 2534 299 2553 ‘⁴
305 2532 386 2585 purga,”
398 2533 500 2585 “inquit”
512 2537 551 2575 “te
561 2536 640 2576 crimine
650 2536 673 2577 ab
684 2541 747 2577 actore
757 2536 853 2590 objecto.”

78 2589 144 2628 “Sum
154 2587 261 2640 equidem,”
270 2587 350 2640 “inquit
360 2587 481 2641 episcopus,”
492 2594 621 2639 consecratus,
632 2595 651 2631 et
661 2596 732 2632 unctus
741 2592 781 2632 oleo
792 2607 853 2634 sacro.

78 2642 173 2686 Quocirca
189 2645 247 2681 tnam'
257 2641 313 2682 eredo
330 2656 371 2681 non
386 2642 445 2683 latere
461 2643 585 2694 prudentiam
595 2660 641 2685 meae
651 2660 713 2686 causae
723 2660 803 2687 eramen
812 2662 853 2689 non

77 2697 121 2747 huc,
133 2697 166 2738 sed
176 2697 199 2737 ad
208 2697 271 2737 iorum
287 2696 435 2738 ecclesiasticum
451 2698 552 2749 pertinere,
563 2714 607 2740 cum
617 2701 716 2741 saeculares
724 2702 806 2755 judices,
816 2717 853 2745 nec

78 2752 166 2802 debeant,
181 2767 217 2793 nec
231 2753 273 2806 J'ure
290 2752 365 2805 possint
379 2752 402 2792 dc
413 2752 543 2793 ecclesiasticis
553 2754 600 2795 viris
609 2755 774 2797 ierresentetiam.
804 2757 854 2800 Nori

78 2808 126 2848 mihi
135 2808 225 2849 videntur
233 2811 253 2847 te
262 2807 328 2860 fugere
344 2806 378 2846 illa
393 2807 500 2847 Psalmistae
509 2808 573 2858 verba,
586 2809 672 2850 “Nolite
682 2814 761 2865 tangere
771 2813 854 2855 christos

78 2863 151 2902 meosf’
166 2863 255 2903 “Nonne
265 2862 352 2903 Christus
357 2862 419 2914 ipse,”
428 2862 492 2915 inquit
503 2863 631 2913 Sarieeldus,''
641 2865 679 2905 fuit
688 2866 747 2907 Pilati
757 2871 863 2910 sententie

78 2915 173 2957 indicatus
180 2918 202 2957 ,Ψ
218 2916 312 2967 “Certe”
322 2921 335 2938 “
341 2916 442 2958 subridens
448 2917 512 2971 inquit
519 2919 640 2974 episcopus,²’
650 2925 669 2960 et
676 2936 707 2962 me
715 2936 793 2977 quoque
800 2926 855 2979 sequi

78 2969 150 3011 Christi
166 2973 238 3013 domini
252 2972 334 3026 vestigia
347 2972 427 3026 juvabit,
446 2973 462 3013 si
476 2988 509 3014 uos
524 2974 610 3017 Pilatum
619 2991 659 3017 non
668 2978 731 3031 pudet
740 2979 811 3020 imitari
824 2995 854 3021 me
