2237 3535
203 376 229 421 311
344 385 478 427 1111111111
493 395 595 424 arsacium
610 396 736 434 1111111111,
752 396 794 425 ron
809 397 824 424 1.
890 384 941 434 [ma.
956 391 975 419 rr

201 496 242 534 tate
256 493 368 536 fruebantur
377 493 451 547 ingenti
460 492 528 534 latitia
537 492 616 546 perbrsi,
623 506 665 533 non
674 508 708 535 sua
715 499 790 536 tantum
801 496 883 550 quisque
892 493 975 534 beatitu-

202 548 254 597 dine,
272 550 304 590 sed
318 553 338 589 11
347 549 467 603 singularum
477 547 651 589 contubernialium
661 551 788 602 prosperitate
798 550 870 605 gavisi:
884 561 975 601 nouoque

204 604 287 657 quodam
296 617 365 657 genere
372 603 439 657 gaudii
449 603 517 653 affecti,
525 602 577 657 quod
586 617 622 657 ego
632 607 724 644 tartareos
734 606 812 658 spiritus
827 605 910 646 vicerim.
940 603 974 643 In·

202 659 278 699 tardum
296 659 344 709 bini,
354 660 407 709 trini,
416 658 449 699 rel
459 672 497 711 quo
513 658 604 699 volebant
613 672 699 708 numero,
710 659 869 702 deambulabant:
884 672 974 699 nonnun-
1023 708 1024 712 Ἰ

202 727 259 767 quam
276 713 372 768 colloquia
387 713 528 754 instituebant:
549 727 602 754 nunc
616 714 694 754 choreas
708 713 805 756 ducebant
816 729 887 766 [nunc
897 726 975 769 quoqne

201 768 249 808 mira
268 773 337 809 cantus
357 769 457 810 dulcedine
466 767 610 821 personabant:
626 782 701 822 semper
714 768 784 810 Jesnrn
798 777 903 812 creatorem
916 772 975 822 atque

200 822 340 877 redemptorem
360 825 441 864 efferunt
459 822 555 864 laudibus.
583 823 654 877 Itaque
668 822 717 863 nihil
726 824 785 877 hujus
795 825 888 866 fortunati
897 824 935 865 loci
945 838 974 864 as-

199 882 263 931 pactu
274 879 386 933 pulchrius:
401 878 450 920 nibil
467 878 525 919 odore
540 878 632 919 suarius:
657 878 706 919 1111111
718 879 785 921 fructu
792 880 910 934 jucundius:
926 879 975 919 nihil

199 933 283 974 melodia
296 934 383 988 gratius:
398 933 447 974 nibil
462 947 527 973 rerum
543 933 630 973 omniurn
644 933 735 974 varietate
753 939 773 974 et
788 935 899 988 praestantia
913 933 974 975 admi·

198 987 278 1029 rabilins
301 1002 388 1042 unquam
407 992 471 1029 mente
490 988 602 1042 cogitaram.
631 987 739 1029 1111111111
755 994 814 1030 aestus
823 990 973 1043 intemperatia:

198 1043 252 1084 nulla
258 1043 334 1097 frigoris
341 1044 442 1084 violentia:
453 1042 507 1084 nulla
513 1042 558 1085 coeli
565 1042 698 1084 inclementia:
708 1042 762 1083 nulla
772 1046 857 1099 corporis
867 1044 972 1097 aegritudo:

199 1098 258 1138 animi
265 1098 318 1139 nulla
327 1098 446 1152 perturbatio
457 1115 461 1139 1
478 1098 618 1151 dcniqueniliil
625 1099 663 1139 nisi
673 1099 726 1151 quies
735 1102 793 1153 atque
803 1100 938 1152 tranquillitas.

227 1153 332 1206 Postquam
349 1154 388 1194 loci
406 1153 504 1194 amoenitas
519 1167 551 1193 rne
566 1154 639 1203 refecit,
656 1153 801 1207 Arcbiepiscopi
816 1155 874 1195 rerba
892 1155 973 1195 faciunt.

199 1207 239 1248 Hic
254 1216 283 1249 est
302 1213 389 1249 terrenus
408 1208 440 1249 ille
449 1208 554 1262 paradisus,
565 1208 618 1248 unde
631 1209 690 1263 primi
697 1209 772 1262 generis
777 1210 840 1250 nostri
849 1214 938 1263 parentes
949 1208 974 1249 ob

198 1267 284 1316 spretum
303 1263 396 1305 Numinis
410 1268 528 1317 praeceptum
542 1263 614 1303 11111111
629 1264 691 1316 ejecti.
720 1263 810 1309 Quorum
825 1265 881 1305 etiarn
894 1269 973 1317 peccato

197 1318 270 1371 posteri
285 1319 383 1373 inquinati
399 1319 437 1359 Dei
452 1318 563 1359 haereditate
582 1318 724 1368 abdicabamnr,
741 1319 802 1360 donec
817 1319 926 1359 Immensus
940 1319 973 1359 ille

196 1387 262 1413 rernm
278 1374 367 1415 conditor
391 1374 457 1426 aeterni
479 1373 543 1414 Patris
557 1374 609 1414 filius
624 1375 709 1414 bumana
724 1378 794 1415 natura
812 1389 833 1415 se
856 1374 940 1414 induerit
954 1377 974 1414 11

196 1428 255 1468 horno
265 1443 289 1469 er
298 1429 361 1480 Maria
370 1429 452 1483 Virgine
461 1432 518 1469 natus
524 1429 596 1482 piaculi
604 1434 706 1482 parentum
715 1433 826 1470 nostrornm
835 1444 903 1484 poenas
909 1429 973 1477 luerit,

197 1483 271 1524 nullius
287 1484 328 1538 ipse
337 1485 412 1539 peccati
424 1483 468 1525 labe
476 1484 560 1525 infectus
570 1490 589 1524 et
602 1485 655 1525 inter
669 1484 706 1525 alia
715 1488 840 1534 sacramenta,
850 1484 973 1538 baptismum,

198 1538 255 1592 cujus
264 1539 339 1581 lavacro
349 1539 373 1580 ab
384 1538 476 1592 originale
485 1540 518 1579 lue
527 1538 630 1589 abluimur,
641 1540 753 1581 instituerit.
779 1539 831 1584 Quia
840 1554 885 1580 1111
896 1540 972 1587 iterum,

198 1606 237 1647 qua
252 1607 318 1635 snmus
327 1594 436 1647 fragilitate,
451 1594 472 1634 11
481 1594 529 1634 vitia
538 1594 608 1648 saepius
617 1594 705 1644 labimur,
715 1609 740 1635 ne
747 1596 826 1635 omnino
841 1609 939 1649 pereamus
949 1594 974 1636 ad

168 1669 169 1674 =
197 1648 294 1689 infernum
316 1649 444 1697 condemnati,
468 1653 607 1690 sacramentum
627 1650 745 1704 paenitentiae
769 1650 870 1700 sancitnr;
895 1662 933 1703 qua
957 1650 974 1689 si

196 1716 275 1757 prorsus
283 1704 305 1745 in
317 1705 358 1745 1111
367 1704 448 1745 crimina
453 1704 532 1744 minime
538 1718 691 1758 compensamus,
698 1705 832 1758 purgatorium
841 1704 892 1758 quod
900 1704 973 1753 vidisti,

196 1772 233 1799 nos
249 1764 321 1800 manet.
351 1759 389 1800 Sed
398 1760 419 1800 in
433 1758 470 1799 hoc
481 1771 558 1813 quoque
567 1759 588 1799 id
598 1759 680 1800 subsidii
694 1760 810 1810 conceditur,
821 1760 874 1813 quod
883 1772 922 1813 qno
932 1774 972 1799 111-

195 1814 238 1867 jora
248 1814 337 1869 suffragia
346 1818 392 1868 post
401 1814 476 1855 obitum
487 1813 600 1868 superstites
610 1814 667 1856 nobis
679 1815 747 1864 ierant,
758 1829 781 1855 eo
789 1815 847 1855 citius
857 1814 973 1855 cruciatibus

197 1868 314 1910 redimamur
323 1870 354 1910 vel
362 1870 442 1910 leviores
451 1870 547 1923 patiamur
557 1885 561 1910 :
577 1884 621 1910 cnm
632 1884 677 1910 vcro
685 1870 752 1923 aliquis
760 1871 881 1911 dimittitnre
892 1884 972 1919 carcere,

198 1925 302 1965 comitatus
311 1924 380 1965 similis
389 1924 435 1965 bnic
442 1925 476 1978 qui
485 1929 505 1964 te
514 1925 594 1978 excepit,
605 1924 634 1965 illi
644 1924 720 1965 obviam
730 1926 776 1966 exit.

226 1979 300 2020 Adhaec
310 1981 331 2021 in
341 1980 416 2020 editum
425 1983 512 2020 montem
528 1993 604 2020 mecum
619 1980 711 2034 praesules
727 1980 847 2021 ascendunt:
862 1980 896 2021 nbi
906 1981 972 2033 jussus

198 2033 223 2075 ab
239 2034 277 2075 illis
293 2034 363 2077 caelum
376 2036 448 2087 aspexi,
463 2034 516 2087 qnod
532 2036 584 2075 aurei
601 2038 620 2075 11
636 2036 722 2089 argentei
731 2036 800 2076 coloris
811 2036 914 2088 gratissimi
924 2035 971 2075 mihi

198 2090 305 2130 videbat-ur.
334 2091 386 2131 Tum
395 2090 430 2138 illi,
441 2092 456 2111 “
461 2089 504 2130 baec
514 2089 555 2129 est”
566 2092 579 2111 “
584 2090 677 2143 inquiunt
682 2090 695 2108 ’³
703 2089 749 2130 Caeli
763 2095 825 2144 porta,
834 2090 892 2138 nnde,
902 2089 927 2130 ad
936 2094 972 2129 nos

198 2145 274 2186 caeleste
282 2160 360 2195 manna,
370 2144 425 2185 cibus
436 2157 494 2198 quern
504 2144 600 2185 Dominus
610 2145 675 2185 electis
685 2145 793 2194 destinarit,
804 2146 858 2185 omni
867 2149 972 2185 nectareet

198 2200 294 2241 ambrosio
308 2200 419 2255 jucundior,
436 2199 531 2240 mittetur.
561 2198 610 2243 Qnae
625 2199 972 2252 rerbavirfinierant,cun1ingens

199 2255 289 2308 splendor
298 2256 359 2297 instar
364 2256 446 2296 fiammae
452 2253 558 2303 descendit,
565 2258 629 2294 totum
636 2254 692 2294 illum
700 2254 765 2294 locnno
775 2255 906 2308 co-operiens:
917 2255 972 2308 cujus

199 2311 257 2352 radiis
267 2314 325 2364 capnt
334 2325 400 2351 meum
409 2310 555 2364 penetrantibus
565 2308 698 2350 incredibilem
708 2310 810 2362 qnamdam
823 2309 943 2350 dnlcedinem
951 2310 972 2350 in

199 2366 304 2407 visceribus
314 2367 371 2415 sensi,
381 2364 515 2419 inexplicabile
525 2379 547 2405 ac
557 2365 619 2418 majus
629 2364 719 2417 opinione
733 2365 819 2405 omnium
829 2366 921 2418 gaudium
931 2365 971 2405 ani-

199 2435 231 2461 mo
246 2422 331 2476 concepi.
361 2421 411 2461 Mox
426 2420 546 2461 antististes”
557 2423 647 2473 expertus
657 2435 677 2460 es
692 2419 815 2472 “inquiunt”
831 2420 972 2474 qnaefoelicitas

145 2486 191 2528 [aa]
197 2477 278 2530 jnstoall
291 2489 372 2531 quaeque
386 2476 484 2516 calamitas
498 2476 568 2529 impios
583 2479 655 2515 manet.
685 2475 768 2528 Tempus
778 2479 807 2515 est
816 2481 839 2516 nt
849 2476 873 2515 ad
882 2475 972 2516 mortales

199 2532 271 2581 redeas,
286 2532 337 2585 apud
352 2544 401 2585 quos
415 2545 491 2585 operam
501 2531 532 2580 da,
547 2535 569 2570 ut
583 2530 677 2583 reliquam
686 2530 745 2569 vitam
756 2530 783 2571 sic
792 2544 843 2584 agas,
857 2537 879 2571 11
889 2531 971 2583 deniqne
999 2583 1001 2585 v

199 2586 339 2628 beatitudinem
356 2586 449 2640 consequi
464 2587 559 2626 merearis.
588 2584 646 2625 Nihil
661 2588 724 2625 antem
738 2585 826 2626 redeunti
842 2586 877 2626 tibi
885 2586 970 2635 nocebit,

199 2642 324 2683 minimumve
333 2641 526 2695 1111111111111111.υ
555 2642 584 2681 Ac
594 2641 623 2680 ita
632 2654 663 2680 mc
673 2641 718 2680 satis
734 2641 822 2690 invitum,
838 2641 970 2690 reluctantem,

196 2697 327 2751 lacrymasque
336 2712 376 2751 prae
386 2696 452 2737 dolore
461 2696 583 2745 fundentem,
593 2696 651 2749 porta
658 2694 741 2748 paradisi
752 2698 851 2737 emittunt.

424 2794 527 2834 Variana
536 2809 548 2833 1
553 2792 669 2846 praapatora'o
678 2792 735 2833 aedit.

196 2894 261 2947 Igitur
271 2907 308 2947 qna
317 2891 386 2934 fuerim
396 2894 500 2946 ingressus,
516 2891 581 2932 eadem
598 2902 686 2929 reversus
702 2889 755 2930 nullo
766 2893 844 2938 terrore,
852 2888 882 2928 vel
891 2888 970 2930 horrore

196 2950 281 2996 affectus,
292 2948 372 2989 diabolis
382 2948 484 2989 1111111111
494 2961 534 2988 sese
544 2947 596 2999 fugae
615 2944 756 2993 mandantibus,
770 2944 819 2985 loeis
833 2958 931 2998 paenarum
941 2959 970 2985 re-

194 3005 252 3054 lictis,
263 3003 284 3044 in
300 3004 353 3045 illam
370 3003 433 3044 aulam
448 3002 483 3043 nbi
499 3002 550 3043 viros
567 2999 670 3041 duodecem
686 2999 785 3054 religiosos
795 2999 917 3050 offenderam,
927 3014 970 3054 per-
