2237 3535
93 401 136 428 oar.
153 387 183 438 u]
206 417 207 420 η
304 398 330 425 un
344 398 408 427 annno
424 399 539 430 nuruuuoru
554 397 662 426 sanonum.
821 385 860 425 tal

91 498 195 549 ingressus,
206 496 259 547 quasi
269 495 321 537 aliud
337 511 395 551 agens
411 497 463 538 clavo
479 496 525 536 lima
534 496 593 536 scisso
604 493 728 547 compedibus
738 492 819 533 alterum
828 508 860 547 pe-

92 551 135 591 dem
151 549 214 599 solvit,
231 550 286 604 eique
301 566 335 605 per
352 553 455 593 fenestram
473 550 560 604 fugiendi
579 553 693 604 potestatem
714 548 765 597 facit,
782 562 861 589 accensa

90 606 169 645 lucerna
183 605 233 644 foras
249 611 336 659 porrecta
350 608 427 661 signum
437 607 490 655 dans,
500 610 522 645 ut
537 620 571 645 sex
580 605 626 645 socii
636 603 754 644 desilientem
763 604 861 656 excepturi

90 660 254 713 appropinquent:
270 662 303 702 sed
319 666 337 703 et
353 663 443 703 Oarolum
458 661 492 701 diu
506 660 639 714 trepidantem,
657 662 714 711 atque
727 658 828 698 timentem
838 673 861 698 ex

90 715 129 755 alta
138 715 220 755 fenestra
229 729 249 755 se
258 717 380 771 precipitare,
392 717 424 758 dat
433 716 556 771 praecipitem,
563 716 604 769 ipse
611 714 648 755 aba
653 713 753 754 incolumis
761 713 860 766 eflugiens.

89 769 215 811 Excidentem
224 770 312 812 Carnium
322 787 354 813 sex
364 772 457 826 conjurati
467 775 544 811 extenso
555 770 612 824 pallio
621 769 703 810 illaesum
712 768 733 808 in
742 782 784 808 aere
798 768 860 821 prius-

90 838 147 878 quam
157 829 226 865 terram
232 827 301 879 attigit,
308 828 430 881 excipientes,
441 826 464 867 ad
472 826 537 879 oppidi
547 839 624 866 murum
634 839 678 865 cnm
687 824 740 864 furto
749 826 858 877 properant.

89 880 190 932 Fugientis
206 880 287 922 vinculis
302 882 374 936 lapides
388 882 537 936 percutientibus
552 880 619 935 vigiles
628 894 698 920 sonum
708 880 812 920 sentientes
822 893 860 919 una

90 949 135 975 oum
144 935 250 976 vicinorum
259 938 344 977 tumultu
361 942 472 990 sequuntur.
502 936 584 989 Jamque
594 949 627 989 per
636 934 705 975 urbem
714 938 774 974 totam
785 934 860 975 concla-

89 993 166 1030 matur:
182 990 205 1031 ad
215 1005 265 1031 arma
275 993 354 1032 canitur.
382 992 481 1041 Lucerum,
488 991 575 1044 facesque
582 1005 616 1044 per
623 990 712 1044 compita,
720 989 859 1043 domorumque

89 1045 182 1085 fenestras
198 1046 333 1088 accenduntur.
362 1046 439 1087 Interea
448 1060 471 1086 er
480 1061 512 1086 sex
522 1046 585 1086 (laroli
595 1045 688 1086 militibus
699 1045 737 1085 duo
748 1043 858 1085 subsistunt

89 1101 210 1152 sequentium
218 1101 312 1155 impetum
321 1102 391 1142 strictis
401 1101 468 1155 gladiis
477 1115 578 1154 parumper
588 1101 710 1140 sustinentes.
730 1099 858 1153 Reliquorum

89 1158 178 1207 quatuor,
189 1155 227 1196 duo
237 1171 256 1196 se
266 1169 291 1196 ex
307 1170 362 1197 muro
378 1158 460 1210 primum
478 1156 587 1209 dejicientes
597 1155 684 1195 Garolmn
696 1155 719 1195 ab
729 1155 770 1199 aliis
781 1154 857 1195 duobus

88 1209 192 1250 demissum
202 1215 315 1264 exceperunt
325 1228 329 1251 :
343 1211 375 1251 alii
384 1215 466 1264 quatuor
475 1210 498 1250 ab
509 1210 551 1250 altis
560 1209 654 1251 moenibus
660 1210 757 1260 desiliunt,
764 1213 783 1250 et
790 1224 857 1250 omnes

0 1296 4 1310 ἱ,
88 1278 121 1303 sex
132 1264 221 1305 Oarolum
237 1266 322 1313 levantes
339 1280 372 1319 per
388 1266 436 1306 vada
452 1264 484 1305 Lii
499 1265 584 1305 fluminis
600 1264 692 1318 oppidum
707 1265 856 1305 circumfluentis

0 1318 6 1365 ζ’
48 1330 49 1333 ’
87 1320 158 1372 partim
167 1320 236 1369 nando,
246 1320 317 1374 partim
326 1320 407 1373 pedibus
420 1319 536 1373 penetrando
551 1320 682 1373 eripuerunt
696 1319 775 1359 Carolus
785 1333 857 1373 equum

2 1372 4 1379 ’
87 1375 223 1423 conscendens,
240 1377 274 1428 qui
288 1376 313 1416 ad
327 1375 411 1415 fluminis
427 1388 479 1415 oram
487 1378 599 1427 preparatus
613 1377 658 1423 erat,
673 1374 697 1414 ad
707 1373 857 1415 O’Snllevanum

86 1429 179 1482 profugit.
208 1429 346 1471 O’Sullevanus
355 1430 382 1469 rei
391 1430 442 1470 fama
451 1443 484 1482 per
494 1429 580 1468 omnium
586 1442 618 1468 ora
623 1428 715 1468 volitante
722 1429 790 1468 certior
795 1429 858 1469 factus

87 1497 133 1523 cum
143 1484 221 1524 dimidio
232 1486 316 1525 exercitu
325 1484 347 1523 iu
355 1484 461 1524 Museriam
478 1483 561 1536 fugienti
578 1482 654 1523 obviam
668 1484 695 1523 ire
704 1483 788 1523 festinat.
817 1483 859 1523 Ubi

87 1537 166 1578 Carolus
176 1539 230 1578 fedus
239 1540 348 1592 percutiens
365 1538 492 1578 O’Sullevano
508 1538 597 1591 deinceps
612 1551 668 1577 suum
681 1537 772 1587 studium,
783 1541 803 1577 et
812 1552 858 1578 aux-

86 1592 142 1632 ilium
151 1608 190 1633 non
200 1593 310 1634 defuturum
319 1593 426 1647 pollicetur.
433 1592 501 1633 Obiter
511 1592 650 1633 O'Sullevauns
659 1595 734 1632 tentare
743 1592 859 1633 existimavit

87 1662 113 1687 an
122 1647 199 1701 liupem
208 1647 314 1689 Lemurum
324 1648 423 1688 castellum
434 1648 519 1701 (Garraig
528 1662 554 1687 an
563 1647 649 1701 phuoa)†
664 1648 716 1701 quod
725 1647 804 1688 thadaei
812 1648 859 1688 Mac

80 1701 165 1743 ‘Carrhae
175 1703 209 1743 filii
218 1704 306 1756 praesidio
323 1702 421 1752 tenebant,
436 1704 458 1743 in
468 1717 521 1742 suam
530 1706 645 1755 potestatem
654 1702 739 1756 redigere
747 1706 819 1756 posset,
829 1704 858 1743 in-

84 1757 145 1809 jurias
162 1757 186 1798 ab
201 1757 238 1798 illis
253 1758 316 1799 illatas
333 1758 424 1798 ulturus?
453 1757 500 1799 Erat
515 1758 614 1798 castellum
630 1757 668 1797 loci
676 1761 745 1797 natura
753 1758 857 1806 munitum,

87 1816 235 1866 expugnatuqne
245 1813 383 1854 difficillimum.
412 1813 438 1853 ln
447 1812 495 1853 illud
504 1812 598 1866 imprimis
608 1812 637 1852 via
647 1813 746 1852 tormentis
755 1827 795 1853 non
804 1817 857 1866 patet

86 1867 226 1917 intermontes,
237 1872 256 1908 et
266 1868 328 1921 sylvas
342 1867 432 1917 locatum,
450 1881 485 1907 nec
501 1868 601 1907 cuniculus
619 1867 675 1920 dirigi
691 1870 753 1920 potest
767 1868 788 1907 in
802 1871 857 1920 petra

87 1922 132 1961 satis
143 1922 230 1972 abscissa,
241 1926 260 1962 et
269 1925 365 1975 praerupta
373 1926 463 1970 erectum,
479 1923 535 1974 quam
551 1921 622 1975 duplex
630 1921 716 1975 lapideus
726 1936 798 1971 murus,
809 1922 857 1963 alter

84 1973 141 2028 juxta
149 1978 238 2027 radicem,
248 1977 326 2017 homine
335 1976 410 2017 cubitos
421 1977 469 2017 duos
478 1976 540 2025 altior,
550 1976 598 2016 alter
604 1978 665 2029 magis
674 1977 736 2017 celsus
745 1991 805 2030 prope
814 1992 856 2018 ver-

86 2031 144 2071 ticem
154 2032 225 2085 cingit:
240 2035 259 2071 et
276 2031 299 2071 ab
312 2031 400 2072 inferiore
417 2031 441 2071 ad
455 2031 571 2084 superiorem
587 2045 664 2070 murum
682 2046 716 2084 per
726 2032 812 2072 semitam
822 2047 855 2073 an·

85 2089 169 2138 gustam,
180 2091 199 2127 et
213 2086 330 2139 praecipitem
346 2086 461 2126 ascenditur.
489 2086 561 2126 Tamen
574 2085 705 2126 fulminatores
721 2086 821 2139 quingenti
831 2087 855 2128 ab

86 2140 214 2181 O'Sulleuauo
230 2141 317 2194 dispositi
337 2141 383 2181 arcis
401 2142 498 2189 fenestras,
515 2145 583 2189 turres,
601 2143 657 2193 atque
673 2141 741 2193 pinnas
759 2141 856 2194 plumbeis

86 2195 171 2247 globulis
181 2194 264 2235 obruunt
281 2199 442 2250 propugnatorem
458 2200 582 2245 removentes,
592 2195 658 2248 illique
668 2194 782 2236 defendendi
791 2201 855 2250 potes·

85 2253 146 2289 tatem
162 2251 272 2291 adimentes.
301 2250 378 2304 Trepidi
393 2254 544 2304 propugnatores
560 2249 641 2299 sinistre,
659 2250 775 2303 adversoque
793 2256 855 2292 marte

85 2317 126 2343 rem
136 2308 210 2357 gerunt,
221 2305 299 2358 ingente
308 2320 377 2360 pavore
392 2306 477 2346 omnium
491 2309 567 2359 pectora
576 2309 710 2359 percurrente:
725 2305 756 2346 alii
765 2306 855 2347 bombar-

86 2358 125 2407 das,
137 2359 184 2398 dum
194 2360 300 2412 explodunt
309 2360 406 2413 sulphuris
413 2360 498 2413 impulsu
508 2359 631 2414 dirumpunt:
641 2360 674 2401 alii
683 2375 703 2401 se
713 2360 803 2414 sulphure
810 2376 856 2402 casu

58 2449 61 2452 ,
85 2412 207 2454 comburunt.
236 2415 318 2456 Interim
334 2415 386 2455 missi
400 2414 424 2455 ab
435 2415 563 2456 O’Sullevano
572 2416 647 2464 hastati,
657 2416 714 2469 primi
723 2416 773 2456 muri
781 2417 855 2457 foribus

85 2467 163 2508 admoto
173 2469 218 2522 igne
227 2471 352 2524 consumptis,
362 2484 396 2523 per
405 2473 478 2524 petram
487 2474 575 2522 repentes
584 2470 609 2510 ad
618 2471 723 2511 secundum
732 2471 856 2512 ascendentes

84 2522 149 2563 valvas
158 2525 228 2577 partim
237 2525 344 2566 incendunt
352 2525 422 2579 partim
431 2525 539 2577 effringunt.
570 2525 651 2578 Jamque
659 2525 756 2566 castellnm
762 2525 855 2568 subruere

84 2577 186 2630 incipiunt,
203 2593 247 2620 cum
263 2585 414 2634 propugnatores
430 2582 482 2619 metu
497 2580 580 2632 perculsi
596 2581 617 2619 iu
633 2580 748 2620 deditionem
767 2582 855 2623 veniunt.

85 2631 162 2675 Quibus
178 2635 282 2675 inermibus
299 2651 323 2676 ex
340 2640 395 2689 pacto
406 2633 492 2683 dimissis,
503 2649 536 2674 arx
546 2635 639 2688 diripitur.
668 2635 692 2675 In
708 2650 730 2676 ea
744 2635 856 2690 Hispanum

85 2692 192 2740 argentum,
203 2690 254 2742 quod
264 2690 288 2731 ab
306 2691 433 2731 O’Snllevano
443 2689 520 2730 Thadaei
534 2689 570 2730 filii
580 2691 707 2743 receperantll
719 2693 738 2729 et
747 2690 789 2732 aliae
798 2694 856 2734 variae
864 2710 921 2754 [137]

85 2828 122 2903 H'b
129 2828 226 2881 Ghristmas
235 2831 281 2877 Dap,
292 2834 342 2866 leon.
368 2831 401 2865 See
412 2829 510 2863 adifferent
518 2833 593 2862 account
608 2828 628 2862 of
637 2829 672 2862 this
685 2841 746 2874 escape
757 2832 775 2865 in
789 2833 858 2869 Pacata

104 2878 280 2957 leidlziihddssoiiz'the
294 2933 334 2966 map
348 2921 368 2954 of
378 2921 473 2963 Muskerrp
487 2918 537 2952 afew
545 2919 595 2953 miles
603 2920 656 2954 north
664 2920 685 2953 of
695 2921 857 2959 Maternum-..Pa-

85 2963 124 2992 cara
132 2962 221 3004 Hibernia,
228 2966 245 3000 ii.
253 2978 271 3010 p.
281 2969 321 3001 596.
346 2967 384 3000 The
394 2965 440 3010 siege
448 2968 479 2998 not
487 2965 579 2998 recorded.

197 3011 222 3049 31
