2237 3535
282 385 324 423 tlt
407 385 542 432 o’suutnranr
556 398 658 426 ursacium
673 397 907 436 0ATfl0L10AE,TOM.111.
945 382 997 435 [rino.
1012 393 1050 421 vn.

281 493 393 549 ‘Theologiae
402 495 509 550 insignibus
519 495 624 544 decoratus,
635 498 654 535 et
666 494 689 534 in
699 496 809 550 episcopum
825 494 880 535 Rosa
890 492 902 533 a
912 493 990 533 Summo
999 491 1052 531 Pon-

281 548 335 589 tifice
351 550 467 604 designatus,
483 551 528 591 dnm
545 550 629 591 vestibus
645 549 775 591 ecclesiasticis
792 550 870 591 indutus
886 562 938 589 arma
947 545 1052 600 spiritualia

282 604 372 645 manibus
382 606 436 658 gerit,
447 606 505 646 altera
514 605 631 646 Breviarinm
648 604 707 644 altera
716 604 824 656 Bosanum,
834 609 898 645 tamen
906 605 918 644 t
926 602 983 655 regiis
992 601 1051 641 inter-

282 663 351 713 ceptus
359 659 408 700 ferro
417 660 545 713 prosternitur
553 659 648 699 lethaliter
656 659 707 698 ictus
716 676 719 700 :
730 660 764 711 qui
774 659 902 712 querentibus,
910 661 967 710 atque
976 656 1051 710 ploran-

282 714 336 754 tibus
343 714 406 754 amicis
415 715 478 766 ipsum
489 727 528 754 esse
538 714 550 753 {a
558 714 616 767 regiis
625 714 715 763 occisum,
727 714 811 763 “mihi’'
821 715 889 767 inquit,
898 712 982 761 “miseri,
991 711 1052 751 vitain

283 769 396 816 attulerunt,
408 768 445 808 sibi
454 772 535 808 mortem
541 768 694 809 consciverunt.”
722 767 771 808 Cum
777 770 860 809 animam
869 769 970 818 exhalaret,
979 766 1000 806 in
1010 766 1051 819 ejus

283 837 322 871 ore,
332 823 440 876 circumque
449 824 516 864 faciem
525 823 602 864 lucidus
611 822 701 876 splendor
710 824 819 876 apparuisse
828 824 894 864 fertur.

310 877 422 931 Dermysius
439 878 484 918 Mac
500 879 572 919 Garrha
588 878 701 932 cognomine
718 877 784 919 Rubor
800 878 940 919 Conddifilius
956 876 1050 923 sacerdos,

283 945 328 973 eum
337 933 408 985 pietate
416 937 481 973 motus
490 933 560 973 milites
569 935 669 987 utriusque
682 933 741 986 partis
755 932 867 974 vulneribus
876 932 1022 986 procumbentes
1031 931 1052 969 in

281 987 324 1041 ipse
334 991 401 1040 strage,
413 991 432 1027 et
441 988 509 1028 ultimo
526 988 593 1029 mortis
608 992 680 1041 puncto
690 988 702 1027 h
711 989 793 1041 peccatis
803 988 892 1041 expiaret,
903 988 1031 1041 deprehensus
1041 985 1053 1024 a

281 1041 340 1096 regiis
350 1042 462 1085 Oorcaeham
475 1043 564 1084 defertur.
593 1043 633 1083 Ubi
642 1057 687 1084 cum
700 1044 847 1096 protestantium
856 1043 934 1096 proemia
942 1043 1051 1096 respuisset,

282 1097 328 1150 equi
336 1097 396 1138 cauda
404 1112 438 1151 per
447 1099 499 1140 ricos
508 1101 607 1147 attractus,
618 1098 705 1151 patibulo
715 1112 824 1152 suspensus,
831 1097 946 1137 semianimis
956 1100 1025 1146 sectus,
1033 1100 1053 1135 et

281 1152 378 1193 intestinis
393 1153 500 1193 exinanitus
514 1153 536 1193 in
552 1153 633 1207 publicis
650 1153 703 1203 loeis,
714 1153 768 1194 triste
777 1152 878 1194 Catholicis
888 1151 1018 1205 spectaculum
1028 1150 1051 1191 ab

282 1207 352 1260 Anglis
362 1208 471 1248 collocatur.

310 1262 358 1303 Post
367 1263 416 1304 hanc
426 1264 568 1304 contentionem
579 1262 652 1316 equites
661 1262 707 1303 illac
716 1262 798 1312 Oarrhae,
814 1265 833 1303 et
843 1262 888 1303 socii
898 1276 942 1302 cnm
952 1261 1051 1314 cognovis-

282 1324 327 1357 sent
343 1317 494 1359 O’Sullevannm
509 1319 568 1359 fnisse
584 1318 668 1372 pulsum,
683 1319 705 1358 in
719 1318 791 1371 reginae
805 1317 862 1357 fidem
876 1321 970 1357 uenerunt
983 1320 1052 1370 praeter

281 1372 386 1413 Thadaeum
396 1373 536 1422 O'Mahunum,
548 1375 581 1426 qui
590 1388 623 1426 per
631 1373 718 1413 inducias
732 1376 799 1427 captus
812 1373 872 1426 capite
881 1372 978 1426 plectitur.
1006 1371 1052 1411 Mac

282 1427 345 1468 Moris
354 1442 387 1482 per
395 1428 472 1469 Vallem
483 1428 592 1477 Juncosam,
606 1428 678 1481 (Sliebh
687 1428 773 1481 luachra)
785 1432 804 1467 et
813 1427 908 1468 Kierriam
917 1427 982 1481 paucis
992 1426 1051 1467 comi-

281 1486 334 1522 tatus
343 1484 459 1536 inquirentes
469 1484 532 1537 regios
542 1484 612 1524 milites
621 1484 703 1537 fugiens,
714 1487 733 1523 et
741 1483 811 1536 Anglis
828 1483 919 1523 damnum
927 1483 1010 1522 inferens
1020 1481 1052 1522 riu

283 1538 423 1590 imprmitatem,
440 1538 581 1592 baronatusque
596 1539 736 1579 restitutionem
745 1539 841 1592 impetrat.
870 1538 901 1578 Ita
910 1537 1053 1578 Momoniarum

282 1591 355 1633 bellurn
364 1595 464 1646 pacatur.t

607 1859 663 1899 GAP.
679 1858 739 1899 VIII.

283 1994 398 2029 O'Sullevani
407 2006 456 2028 casus
465 1996 515 2035 varii,
524 2000 542 2029 et
553 2007 616 2041 pugnae
629 2007 674 2040 pene
687 1997 792 2041 quotidianae
805 2008 836 2041 per
850 2001 915 2041 septem
927 1996 993 2040 primos
1004 1995 1050 2039 fuges

392 2050 394 2054 ⁴
644 2041 686 2075 dies.

281 2162 345 2203 Nunc
355 2160 494 2201 O’Sollevanus
503 2161 587 2201 hostium
597 2175 664 2201 marrus
674 2161 757 2215 lugiens,
764 2174 812 2215 quos
818 2160 883 2201 tulerit
893 2174 954 2210 casus,
964 2164 983 2201 et
993 2175 1050 2214 quam

281 2217 403 2270 periculosos,
421 2216 528 2269 arduosque
542 2216 646 2256 rideamus.
674 2216 716 2256 lter
731 2217 760 2256 illi
776 2216 904 2269 superandum
921 2216 1001 2269 longum
1010 2221 1051 2256 erat

280 2272 378 2312 leucarum
388 2271 462 2311 circiter
474 2275 565 2311 centum:
580 2276 655 2324 tempus
664 2270 985 2324 incommodissimumhpbernum:
999 2271 1049 2311 mili-

280 2332 311 2368 tes
327 2326 384 2379 pauci
397 2325 581 2378 'quadringentorum
598 2339 699 2366 numerum
715 2330 755 2366 non
774 2326 876 2379 explentes,
896 2340 978 2380 quorum
996 2330 1050 2367 erant

281 2381 355 2435 equites
365 2381 461 2429 tredecim,
473 2380 535 2421 caeteri
551 2380 625 2434 pedites
641 2381 718 2431 hastati,
728 2386 747 2421 et
757 2381 857 2433 sclopistae‚
866 2383 960 2435 paucique
969 2381 1035 2435 peltati
1045 2399 1049 2421 ι

280 2437 407 2485 foeminarum,
423 2440 482 2489 atque
498 2435 586 2476 calonum
599 2436 658 2488 major
668 2436 730 2477 turha.
758 2436 802 2475 Viae
811 2449 875 2477 ornnes
885 2437 908 2477 ah
918 2437 1006 2477 hostibus
1016 2436 1050 2477 ob-

281 2506 350 2542 sessae3
367 2491 440 2544 argenti
449 2504 542 2544 magnum
551 2490 627 2544 pondus
636 2491 696 2544 ipsius
706 2492 822 2532 neenectou'
831 2492 963 2532 constitutum.
991 2491 1049 2531 Unde

281 2548 369 2588 effectum
380 2551 414 2595 est,
423 2550 447 2586 nt
462 2545 536 2586 labores
546 2547 579 2586 vix
594 2545 692 2587 credibiles
707 2545 807 2599 pertulerit
816 2551 926 2600 summaque
941 2547 1049 2587 discrimina

281 2602 355 2643 adierit.
372 2601 424 2644 Quas
440 2615 469 2641 res
480 2601 545 2641 ordine
562 2615 596 2641 suo
611 2601 693 2641 brem'ter
707 2615 779 2640 enarro.
808 2603 865 2642 Anno
874 2602 998 2654 redemptoris
1008 2602 1049 2642 nati

280 2657 381 2698 millesimo
391 2657 526 2696 sexcentesimo
536 2656 619 2697 secundo
628 2656 689 2709 pridie
699 2655 796 2695 Kalendas
802 2656 900 2698 Januarias
911 2655 1050 2697 O’Sulleranus

216 2728 273 2772 [inq]
281 2713 305 2754 ab
315 2713 399 2765 Asperat!
411 2711 460 2751 valle
468 2712 565 2764 protectus
574 2712 619 2752 inde
627 2710 696 2763 viginti
704 2724 735 2750 seu
741 2710 825 2752 millibus
832 2726 922 2765 passuum
929 2712 950 2751 in
959 2711 1050 2752 illusoriae

281 2767 352 2809 tinibus
361 2767 412 2819 apud
427 2767 498 2816 locum,
515 2767 548 2819 qui
565 2767 649 2807 Acharas
665 2764 761 2818 indigenis
777 2771 860 2817 vocatur,
876 2767 900 2807 ad
915 2770 990 2806 noctem
1006 2771 1049 2807 ten-

280 2822 328 2864 toria
347 2822 432 2863 collocat.
461 2821 540 2862 Postero
570 2821 600 2862 die
628 2820 721 2861 Kalendis
748 2821 845 2863 danuariis
873 2837 923 2863 renuo
947 2820 1047 2863 millesimo

303 2961 310 2976 ²*
324 2959 389 2992 Pacato
398 2956 486 2996 Hibernia,
495 2957 511 2990 h,
521 2968 538 3000 p.
549 2958 587 2989 680.
