2237 3535
109 397 195 452 caea]
237 395 241 402 ⁴
268 412 295 441 nn
310 414 431 443 rannuonun
446 413 537 443 uonrnus
553 415 620 446 arona
635 413 754 442 nunrcroun.
859 403 885 442 t]v

107 510 271 559 turrecremata,
288 510 349 551 forma
360 511 462 567 plusquam
472 513 525 566 regia
539 515 558 552 et
568 512 635 552 diviua
648 510 758 564 praeditum,
774 510 815 551 viro
831 510 887 551 inno-

108 566 172 606 centia
187 572 206 606 et
216 566 317 606 sanctitate
330 567 459 617 excellentem,
471 567 603 608 mirandarum
612 580 677 607 rernm
691 566 786 619 opificem,
797 570 817 607 et
832 566 885 606 omni

107 621 202 661 virtutum
217 624 329 661 ornamento
338 622 444 676 fulgentem
453 622 506 664 falsis
516 621 630 662 criminibus
644 621 704 674 argui,
713 621 780 675 inique
791 621 883 669 damnari,

106 675 217 716 verberibus
226 676 282 724 affioi,
291 677 342 717 cruci
351 678 428 719 affixum
437 678 459 719 in
468 677 555 718 Calrario
571 679 638 717 monte
652 676 734 716 interfici
748 680 768 716 et
782 675 885 724 inhumari,

106 731 141 771 sed
148 731 219 771 iterum
225 731 318 772 divinitus
330 733 419 775 revixisse
425 737 445 774 et
459 732 583 786 sepulchrum
590 731 650 772 fuisse
660 745 763 784 egressum.
787 731 884 779 Tumrex,

106 789 121 807 “
128 786 180 835 hic,”
198 786 274 840 “inqui
292 786 305 805 ''
324 801 387 829 revera
397 792 426 830 est
436 788 488 829 orbis
497 787 557 829 totius
574 786 672 827 Dominus
682 790 701 826 et
716 786 786 839 opifer,
797 800 854 840 quem
864 786 885 825 in

106 841 202 881 mundum
216 842 276 881 fuisse
294 847 396 884 venturum
410 846 520 885 nostrorum
533 846 602 884 vatum
612 841 774 896 praesentionibus
790 841 883 894 proditur.

106 895 276 946 indeminutae,
287 898 321 951 qui
330 898 417 948 Romam,
434 902 454 938 et
466 898 512 939 alias
528 898 617 951 regiones
637 896 746 937 Catholicae
765 897 881 950 petiverunt,

105 965 159 991 sacro
176 950 295 1005 baptismatis
311 967 353 993 rore
361 954 421 995 luisse
430 968 511 1007 sparsos,
519 953 630 1006 eisdemque
645 951 757 993 doctoribus
772 951 820 991 alios
830 965 882 991 acce-

104 1007 156 1059 pisse
165 1006 235 1047 fidem:
251 1011 270 1050 et
286 1008 360 1061 aliquos
369 1009 414 1049 vitae
430 1009 546 1062 integritate,
556 1008 697 1062 asperitateque
707 1012 727 1047 et
736 1006 835 1047 miraculis
845 1006 881 1047 ful-

105 1062 158 1110 sisse,
167 1061 226 1116 inqne
236 1062 320 1103 caelitum
325 1065 390 1113 fastos,
400 1067 459 1116 atque
468 1061 539 1104 coetirm
549 1078 591 1104 esse
599 1062 669 1104 relatos
678 1061 797 1116 perhibetur.

132 1116 154 1156 N
155 1131 180 1157 ou
195 1117 271 1168 desunt,
288 1118 322 1171 qui
332 1119 405 1168 dicunt,
423 1118 519 1158 Jacobum
532 1118 653 1167 Zebedaeum,
664 1118 684 1158 in
694 1118 745 1158 hanc
754 1116 838 1158 insulam
849 1131 881 1157 re-

103 1172 161 1213 nisse.
190 1172 259 1213 Ertcri
267 1174 368 1226 scriptores
377 1176 474 1213 testantur
482 1187 542 1213 unam
551 1187 575 1212 ex
586 1173 669 1213 iberniae
678 1173 757 1225 reginis,
773 1186 817 1226 quae
827 1172 880 1225 gravi

103 1227 218 1280 aegritudine
237 1228 343 1277 laborabat,
351 1228 409 1267 simul
417 1228 439 1268 in
448 1227 548 1267 Christum
557 1227 665 1267 Dominum
674 1227 776 1268 credidisse
785 1241 879 1280 persuasu

103 1282 164 1323 Pictor
181 1283 211 1324 vel
227 1282 395 1323 Scoticaefaemiuae
410 1287 429 1322 et
442 1281 510 1321 morbo
516 1282 576 1321 fuisse
589 1282 682 1322 levatam:
703 1282 775 1335 reginae
791 1282 879 1335 precibus

102 1351 168 1391 regem
177 1338 287 1391 amplexum
293 1337 352 1376 fidem
360 1340 418 1390 atque
430 1336 509 1376 clientes
518 1336 591 1376 multos
600 1350 669 1389 regum
678 1336 787 1389 exemplum
793 1336 878 1377 imitatos

101 1392 231 1433 Christianam
239 1392 353 1444 religionem
362 1405 403 1431 esse
412 1394 518 1431 veneratos.
545 1416 546 1420 =

130 1447 181 1487 Satis
199 1451 265 1487 tamen
281 1446 404 1499 comperitur,
410 1460 477 1486 omnes
486 1460 526 1487 non
536 1460 578 1486 esse
585 1445 609 1486 ad
619 1446 704 1487 veritatis
714 1446 834 1499 agnitionem
848 1461 878 1486 re-

102 1501 171 1542 ductos
190 1501 251 1542 donec
262 1501 336 1541 circiter
346 1515 420 1541 annum
433 1501 505 1541 Christi
515 1500 727 1555 quadringentesimum
741 1501 837 1541 decimum
847 1516 878 1541 oc-

100 1560 168 1596 tavum
184 1556 246 1597 Divus
265 1556 357 1597 Patritius
374 1555 586 1597 aRomanoPontifice
601 1555 707 1597 Caelestino
732 1557 829 1596 lmissus
852 1558 879 1597 eis

100 1611 222 1665 evangelium
233 1611 310 1665 caeperit
325 1611 436 1665 divulgare:
451 1625 555 1665 omnesque
570 1625 624 1652 sacro
634 1612 687 1653 fonte
696 1611 748 1652 lotos
758 1611 877 1652 Christianos

100 1667 189 1716 effecerit,
199 1680 234 1721 per
253 1681 314 1707 annos
330 1667 456 1720 quadraginta
471 1666 545 1707 labores
558 1667 648 1720 ingentes
667 1667 786 1721 perferendo,
803 1666 877 1707 edendo

99 1722 162 1763 multa
175 1722 273 1771 miracula,
288 1722 359 1776 templa
369 1721 468 1775 complura
487 1722 578 1775 erigendo
595 1721 636 1762 dies
659 1721 787 1776 quadraginta
801 1722 876 1775 jejunio

99 1777 221 1818 continenter
235 1777 365 1830 transigenda,
380 1791 441 1830 aegras
450 1776 549 1818 liberando
564 1776 637 1817 morbis
647 1781 716 1818 natura
730 1776 876 1826 insanabilibus,

99 1832 193 1884 ejiciendo
211 1832 317 1873 Doemones
335 1832 436 1873 hominum
454 1831 573 1886 corporibus,
586 1831 697 1873 hominibus
716 1832 797 1885 triginta
814 1832 876 1873 tribus

98 1889 159 1928 vitam
164 1887 289 1937 restituendo,
299 1887 407 1941 purgatorii
416 1893 482 1941 poenas
496 1887 623 1928 ostendendo.

127 1942 159 1982 Ita
167 1942 219 1982 mille
229 1946 249 1982 et
259 1942 338 1982 ducenti
346 1942 422 1983 circiter
431 1943 477 1982 anni
490 1946 541 1991 sunt,
557 1956 616 1995 quam
630 1941 697 1983 lberni
710 1943 734 1984 ad
747 1956 815 1991 unum,
825 1942 875 1983 Divo

98 1997 180 2037 Patritio
190 2000 302 2051 preceptore
318 1996 413 2038 Catholici
423 1996 485 2039 effecti
493 1997 551 2038 fidem
558 1998 626 2038 colunt
635 2001 721 2038 sanctam
735 2001 754 2037 et
763 1997 875 2038 inviolatam

97 2052 170 2093 nullius
189 2052 266 2093 lraeresis
276 2052 390 2106 contagione
408 2052 534 2105 inquinatam.
563 2052 602 2093 Per
615 2052 653 2092 hoc
662 2053 698 2093 avi
708 2053 806 2102 saeculum,
817 2067 874 2093 saorae

97 2107 197 2161 sapientiae
216 2110 235 2147 et
250 2107 331 2148 aliarum
346 2107 445 2148 literarum
461 2108 536 2157 studiis,
548 2107 657 2147 innumeris
665 2108 711 2148 viris
722 2108 803 2159 docmati
815 2111 873 2161 atque
882 2116 928 2158 [uu]

96 2162 169 2203 sanctis
179 2176 200 2203 ea
209 2162 274 2203 insula
283 2162 357 2211 claruit,
367 2162 478 2217 gymnasiis,
489 2162 666 2216 excelleutibnsque
675 2162 829 2216 praeceptoribus'
838 2177 873 2203 no-

96 2217 178 2259 bilitata.
193 2218 223 2258 Er
231 2232 254 2259 ea
260 2218 438 2271 quoquemonachi‚
445 2217 539 2267 doctores,
547 2218 691 2258 concionatores
701 2218 779 2272 egressi,
785 2218 874 2271 regiones

96 2273 143 2313 alias
153 2273 177 2314 ab
186 2273 267 2314 immani
275 2273 353 2314 haeresis
360 2278 380 2314 et
389 2287 476 2314 errorum
486 2273 595 2326 pestilentia
604 2276 624 2313 et
637 2273 726 2314 faucibus
743 2273 784 2314 orci
799 2273 872 2327 eripue-

95 2331 148 2377 runt,
163 2327 276 2381 caliginosas
283 2328 384 2369 hominnm
392 2331 467 2369 mentes
473 2327 583 2369 Christiana
593 2328 637 2368 luce
645 2327 754 2370 lustrando.
784 2328 824 2369 Hic
841 2343 872 2369 err-

36 2429 37 2432 ¹
95 2383 142 2423 teris
157 2383 268 2423 hominibus
287 2384 319 2437 pie
334 2387 353 2424 et
368 2383 466 2424 Catholice
484 2383 594 2433 educandis,
611 2383 698 2425 doctrina
708 2388 728 2425 et
743 2383 830 2425 moribus
837 2384 872 2424 im·

95 2437 183 2487 buendis,
194 2443 248 2480 erant
257 2438 338 2491 collegia
347 2438 458 2487 constituta,
469 2439 595 2492 vectigalibus
604 2438 727 2493 locupletata.
