2237 3535
94 334 139 363 ear.
149 321 193 373 rm]
301 331 329 359 on
343 332 407 360 nanno
423 332 546 362 ourunncnu
560 332 671 363 auronum
832 323 872 363 143

94 431 189 485 princeps,
199 429 214 469 J
214 429 275 470 aimus
285 428 395 470 Giraldinus
405 430 516 472 Desmoniae
525 444 596 480 comes,
602 430 650 471 Mac
660 429 776 471 Gnidiamus
786 430 872 481 Burkus,

94 485 222 539 Raymundus
231 484 310 525 Burkus
318 484 416 526 Eeitrimae
425 486 477 535 berc,
488 486 551 527 Huon
560 485 660 526 OtMorra.

130 539 252 594 Hipraecipui
269 542 314 580 sunt
330 541 363 594 qui
379 555 414 595 pro
431 540 532 583 catholiea
546 540 639 594 religione
649 539 722 581 bellum
731 539 843 581 indixerunt
853 544 872 581 et

100 609 150 650 quos
159 594 271 636 Ibernicam
289 597 346 649 atque
365 596 485 637 Catholicam
503 596 608 636 factionem
627 609 732 636 vocamus:
747 609 788 635 non
807 600 873 636 tamen

91 665 158 692 omnes
168 650 208 690 uria
218 651 363 704 conspirarunt3
377 651 410 692 sed
418 652 458 704 jam
465 651 498 691 alii
508 650 631 705 deponebant
646 664 697 690 arma
703 667 709 699 3
725 649 757 690 alii
767 650 801 690 illa
810 651 872 703 capie-

90 706 139 747 bant
146 723 152 756 ς
168 705 200 745 alii
215 704 376 759 extinguebantur
381 724 388 756 ,-
403 706 435 747 alii
451 706 571 747 renovabant
580 705 678 746 belant
705 704 764 749 Quae
780 705 797 745 si
814 705 873 745 simul

91 762 224 816 conjmassent
241 774 312 810 omnes,
324 761 354 802 vel
364 760 461 812 vicissent,
477 761 508 802 rel
521 760 573 802 certe
588 761 651 814 majus
667 761 769 813 negotium
777 760 872 801 haereticis

90 815 251 867 facessivissent.ll
281 816 321 857 Alii
329 816 404 857 nobiles
414 816 456 866 viri,
468 830 550 870 quorum
557 816 615 857 multi
625 814 693 856 multis
703 829 769 856 eorum
779 829 828 868 quos
842 830 871 856 re·
880 828 932 870 [114]

90 871 172 912 tulimus
182 872 258 925 generis
270 871 354 912 claritate
363 872 442 912 minime
456 871 561 922 inferiores,
573 875 593 912 et
608 871 705 912 factorum
715 869 825 911 celebritate
839 885 872 911 su*

91 927 175 981 periores
186 930 246 976 erant,
256 929 369 967 nontamen
378 927 494 968 familiarum
512 931 546 968 aut
555 926 652 967 ditionum
662 925 760 980 principes
770 925 810 965 suis
824 925 872 966 locis

79 981 217 1023 'collocantur
245 981 346 1036 Ejusmodi
361 982 440 1022 fuerunt
455 981 525 1022 Nellus
541 982 662 1022 O'Donellns
681 982 751 1035 Asper,
771 980 872 1021 Cornelius

92 1036 218 1077 O’Driscolus
228 1036 297 1090 Magni
309 1036 367 1086 filius,
377 1036 491 1090 Dermysius
501 1037 642 1078 O'Sullevanus
652 1041 707 1090 pater
716 1049 778 1085 meus,
787 1035 871 1076 Eiachus

92 1091 186 1141 O'Briun,
206 1090 312 1132 Cormakus
329 1091 431 1140 O’Nellus,
450 1091 551 1132 Cornelius
571 1092 671 1141 O’Eellus,
691 1091 805 1143 Dermysius
824 1090 871 1131 Mac

92 1147 164 1187 Carrha
182 1146 262 1195 Euscus,
280 1146 388 1186 Gulielmus
404 1146 490 1196 Burkus,
509 1147 620 1187 Bernardus
640 1145 741 1195 O'Kealla,
761 1145 870 1186 Richardus

91 1202 178 1250 Titellus,
186 1201 296 1242 Bernardus
303 1200 401 1249 O'Morra,
408 1200 493 1241 Vaterus
502 1201 620 1250 Giraldinus,
626 1201 740 1254 Dermysius
746 1199 869 1250 O'Conchur,

91 1257 160 1297 Petrus
177 1256 264 1305 hessius,
281 1255 397 1295 Edmundus
415 1254 514 1304 O'Morra,
530 1256 606 1296 Jaimus
622 1255 720 1304 Butlerus,
731 1254 813 1296 Maurus
823 1255 869 1296 Mac

92 1311 191 1360 Suinnius,
206 1310 285 1362 Ulligus
303 1309 389 1358 Burhus,
412 1310 483 1349 Daniel
502 1309 548 1350 Mac
568 1310 667 1358 Suinnius,
691 1309 800 1349 Eichardus
823 1310 870 1351 Mac

91 1367 227 1419 Gooheganus,
237 1364 323 1417 Magnus
333 1364 379 1404 blac
391 1363 492 1412 Sincaius,
502 1363 607 1404 Mauritius
618 1364 765 1413 O'Sullevanus,
774 1364 870 1405 Thadaeus

91 1421 218 1461 O’Mahunus
232 1418 328 1468 Carbrius,
347 1417 414 1458 etalii
429 1419 509 1471 plurimi
524 1419 585 1472 partis
598 1420 706 1472 utriusque,
717 1432 765 1472 quos
781 1417 870 1472 longissi-

91 1489 152 1523 mum,
162 1474 233 1515 fuisset
241 1474 340 1513 nominare
351 1476 370 1513 et
380 1472 424 1513 ideo
433 1473 465 1513 hic
475 1476 575 1526 praetereo.
597 1481 599 1484 ’

119 1529 195 1569 Multos
204 1530 263 1569 etiam
272 1527 356 1568 ibernia
365 1527 465 1581 primores,
473 1529 508 1582 qui
516 1543 557 1569 rem
567 1527 652 1582 segniter
661 1531 746 1581 agentes,
755 1531 774 1568 et
783 1530 872 1569 neutram

90 1588 165 1638 partem
174 1583 223 1624 bene
233 1583 345 1636 adjuvantes
354 1582 460 1624 victoribus
477 1584 642 1638 obtemperabant,
653 1583 729 1624 silentio
739 1583 809 1624 tacitus
823 1598 871 1638 prae-

91 1640 185 1679 termitto.

423 1870 482 1911 CAP.
497 1870 540 1912 ΠΙ.

147 1988 268 2029 Quamobrem
276 1998 335 2021 omnes
344 1985 406 2020 Iberni
414 1988 435 2020 ab
444 1988 532 2022 hereticis
544 2001 580 2024 non
589 1990 694 2034 defecerint,
704 1992 812 2037 disputatur.

91 2093 125 2134 Ex
139 2094 177 2134 illis
192 2091 322 2147 magnatibus,
340 2090 374 2143 qui
396 2091 492 2133 haereticis
509 2093 662 2146 opitulabantm·,
678 2099 723 2146 tres,
742 2097 771 2136 vel
789 2099 872 2150 quatuor

91 2153 146 2189 erant
162 2148 254 2197 haeretici,
265 2147 298 2188 sed
308 2146 390 2187 scienter
399 2151 490 2197 errantes,
501 2151 520 2187 et
537 2149 657 2202 temporibus
674 2152 792 2200 servientes3
807 2153 872 2193 caeteri

92 2203 193 2253 Catholici,
205 2204 239 2256 qui
253 2216 319 2242 omnes
328 2200 385 2241 Eidei
395 2201 499 2243 Catholicae
516 2204 607 2245 articulos
622 2205 703 2246 firmiter
717 2205 871 2259 profitebantur:

92 2257 202 2298 Catholicos
212 2258 319 2298 sacerdotes
328 2256 349 2296 in
359 2256 460 2311 Hispania,
471 2257 535 2307 Italia,
546 2258 657 2309 Germanici,
669 2265 687 2301 et
697 2260 766 2314 Belgio
776 2261 871 2312 doctrina,

92 2315 112 2352 et
127 2312 213 2353 moribus
233 2313 319 2353 excultos
338 2312 477 2365 protegebant:
492 2318 636 2355 sacrosanctum
651 2314 723 2356 Christi
735 2315 784 2356 lesu
802 2331 872 2370 corpus

94 2367 169 2407 summa
179 2367 302 2408 veneratione
312 2367 447 2420 suscipiebant,
458 2381 525 2408 omnes
534 2369 627 2410 Ecclesiae
637 2370 742 2412 Catholicae
751 2371 800 2411 ritus
813 2386 872 2413 vene-

93 2421 192 2463 rabantur.
213 2422 270 2473 Quae,
280 2437 325 2464 cum
334 2422 362 2462 ita
371 2423 410 2463 sint
419 2437 459 2462 non
467 2422 570 2473 immerito,
582 2424 679 2479 quispiam
688 2426 746 2466 fuerit
756 2426 871 2477 sciscitatus,

94 2481 179 2517 curtam
189 2477 294 2527 clarissimi,
305 2482 325 2519 et
335 2477 429 2518 Catholici
438 2477 544 2530 Principes,
555 2493 590 2519 cur
602 2483 643 2520 tam
652 2480 802 2530 Catholicorum,
813 2485 872 2535 atque

93 2532 170 2583 piorum
187 2533 260 2573 civium
280 2534 386 2583 societates,
403 2532 522 2586 respublicae,
542 2534 635 2584 civitates,
656 2549 690 2576 cur
707 2540 747 2577 tam
766 2536 872 2577 Christiani

93 2586 164 2628 milites
175 2602 216 2628 non
235 2588 292 2628 modo
309 2589 390 2629 tulerint
407 2587 501 2629 haereticis
517 2601 579 2641 opem,
597 2590 631 2630 sed
648 2591 706 2630 etiam
716 2590 825 2632 Catholicos
835 2606 872 2645 pro

92 2641 185 2683 Ecclesiae
194 2642 299 2684 Catholicae
306 2644 356 2698 jure,
365 2647 384 2684 et
393 2643 481 2684 libertate
490 2647 599 2696 pugnantes
608 2644 771 2698 impugnaverint.

120 2696 219 2750 Equidem
228 2701 276 2751 puto
293 2699 353 2739 fuisse
372 2700 422 2740 hanc
439 2698 522 2739 lherniae
537 2713 613 2752 paenam
627 2699 691 2740 aDeo
701 2704 781 2754 propter
791 2702 873 2743 erimina

93 2749 208 2794 Iberncrum
217 2753 318 2794 inflictam.
346 2754 438 2808 Namque
447 2753 539 2803 civitates
549 2756 608 2807 atque
617 2755 742 2807 magistratus
759 2758 781 2797 in
790 2756 873 2798 lbernos

94 2805 182 2859 Anglicae
195 2808 289 2850 factiones
304 2810 402 2864 principes
418 2813 497 2859 veteres,
513 2812 533 2847 et
546 2823 615 2859 novos,
633 2809 667 2863 qui
682 2810 706 2850 ab
721 2811 818 2855 haereticis
832 2827 873 2854 non

230 2907 237 2923 ’⁶
252 2906 290 2941 The
298 2908 362 2942 reader
370 2913 419 2942 must
425 2907 488 2952 always
496 2907 595 2941 remember
604 2907 639 2941 this
648 2909 726 2945 remark.
