<?xml version="1.0" encoding="UTF-8"?>
<!DOCTYPE html PUBLIC "-//W3C//DTD XHTML 1.0 Transitional//EN"
    "http://www.w3.org/TR/xhtml1/DTD/xhtml1-transitional.dtd">
<html xmlns="http://www.w3.org/1999/xhtml" xml:lang="en" lang="en">
 <head>
  <title>
</title>
<meta http-equiv="Content-Type" content="text/html;charset=utf-8" />
  <meta name='ocr-system' content='tesseract 3.04.00' />
  <meta name='ocr-capabilities' content='ocr_page ocr_carea ocr_par ocr_line ocrx_word'/>
</head>
<body>
  <div class='ocr_page' id='page_1' title='image "MN42000ucmf_1_0230.png"; bbox 0 0 2237 3535; ppageno 0'>
   <div class='ocr_carea' id='block_1_1' title="bbox 252 370 1024 423">
    <p class='ocr_par' dir='ltr' id='par_1_1' title="bbox 252 370 1024 423">
     <span class='ocr_line' id='line_1_1' title="bbox 252 370 1024 423; baseline 0.001 -16"><span class='ocrx_word' id='word_1_1' title='bbox 252 370 292 408; x_wconf 73' lang='grc'>181</span> <span class='ocrx_word' id='word_1_2' title='bbox 391 371 526 411; x_wconf 76' lang='lat' dir='ltr'>o&#39;sunnrvanr</span> <span class='ocrx_word' id='word_1_3' title='bbox 540 381 643 409; x_wconf 73' lang='lat' dir='ltr'>nrsronrm</span> <span class='ocrx_word' id='word_1_4' title='bbox 658 382 783 419; x_wconf 78' lang='grc'><strong>1111111111,</strong></span> <span class='ocrx_word' id='word_1_5' title='bbox 793 383 842 411; x_wconf 85' lang='lat' dir='ltr'>rou.</span> <span class='ocrx_word' id='word_1_6' title='bbox 857 384 889 411; x_wconf 90' lang='grc'><strong>111.</strong></span> <span class='ocrx_word' id='word_1_7' title='bbox 930 370 980 423; x_wconf 78' lang='lat' dir='ltr'>[rra.</span> <span class='ocrx_word' id='word_1_8' title='bbox 991 382 1024 409; x_wconf 90' lang='grc'><strong>111.</strong></span> 
     </span>
    </p>
   </div>
   <div class='ocr_carea' id='block_1_2' title="bbox 247 478 1024 1191">
    <p class='ocr_par' dir='ltr' id='par_1_2' title="bbox 247 478 1024 1191">
     <span class='ocr_line' id='line_1_2' title="bbox 251 478 1024 534; baseline 0.001 -17"><span class='ocrx_word' id='word_1_9' title='bbox 251 479 360 520; x_wconf 74' lang='lat' dir='ltr'>constantia</span> <span class='ocrx_word' id='word_1_10' title='bbox 375 480 433 521; x_wconf 85' lang='lat' dir='ltr'>vinci.</span> <span class='ocrx_word' id='word_1_11' title='bbox 461 480 490 520; x_wconf 87' lang='lat' dir='ltr'>Ae</span> <span class='ocrx_word' id='word_1_12' title='bbox 507 478 581 526; x_wconf 87' lang='lat' dir='ltr'>meritb,</span> <span class='ocrx_word' id='word_1_13' title='bbox 599 478 685 531; x_wconf 83' lang='lat' dir='ltr'>profectb</span> <span class='ocrx_word' id='word_1_14' title='bbox 699 482 765 519; x_wconf 84' lang='lat' dir='ltr'>tantus</span> <span class='ocrx_word' id='word_1_15' title='bbox 780 480 884 534; x_wconf 91' lang='lat' dir='ltr'>imperator</span> <span class='ocrx_word' id='word_1_16' title='bbox 903 481 926 521; x_wconf 91' lang='lat' dir='ltr'>de</span> <span class='ocrx_word' id='word_1_17' title='bbox 942 480 1024 521; x_wconf 79' lang='lat' dir='ltr'>fortunae</span> 
     </span>
     <span class='ocr_line' id='line_1_3' title="bbox 251 532 1024 589; baseline 0.003 -17"><span class='ocrx_word' id='word_1_18' title='bbox 251 534 380 575; x_wconf 77' lang='lat' dir='ltr'>mutabilitate</span> <span class='ocrx_word' id='word_1_19' title='bbox 396 533 481 588; x_wconf 82' lang='lat' dir='ltr'>querelas</span> <span class='ocrx_word' id='word_1_20' title='bbox 498 532 614 573; x_wconf 87' lang='lat' dir='ltr'>effundebat.</span> <span class='ocrx_word' id='word_1_21' title='bbox 643 533 734 587; x_wconf 88' lang='lat' dir='ltr'>Namque</span> <span class='ocrx_word' id='word_1_22' title='bbox 747 534 820 587; x_wconf 86' lang='lat' dir='ltr'>judicio</span> <span class='ocrx_word' id='word_1_23' title='bbox 836 536 928 585; x_wconf 88' lang='lat' dir='ltr'>omnium,</span> <span class='ocrx_word' id='word_1_24' title='bbox 939 549 987 589; x_wconf 89' lang='lat' dir='ltr'>quos</span> <span class='ocrx_word' id='word_1_25' title='bbox 1001 533 1024 574; x_wconf 90' lang='lat' dir='ltr'>de</span> 
     </span>
     <span class='ocr_line' id='line_1_4' title="bbox 251 587 1023 643; baseline 0 -15"><span class='ocrx_word' id='word_1_26' title='bbox 251 587 317 630; x_wconf 77' lang='lat' dir='ltr'>bacae</span> <span class='ocrx_word' id='word_1_27' title='bbox 327 590 420 638; x_wconf 87' lang='lat' dir='ltr'>consului,</span> <span class='ocrx_word' id='word_1_28' title='bbox 432 592 472 629; x_wconf 80' lang='lat' dir='ltr'>erat</span> <span class='ocrx_word' id='word_1_29' title='bbox 481 587 568 628; x_wconf 86' lang='lat' dir='ltr'>omnium</span> <span class='ocrx_word' id='word_1_30' title='bbox 582 587 691 641; x_wconf 84' lang='lat' dir='ltr'>Anglorum</span> <span class='ocrx_word' id='word_1_31' title='bbox 701 589 735 643; x_wconf 90' lang='lat' dir='ltr'>qui</span> <span class='ocrx_word' id='word_1_32' title='bbox 743 589 779 629; x_wconf 77' lang='lat' dir='ltr'>hec</span> <span class='ocrx_word' id='word_1_33' title='bbox 789 594 902 643; x_wconf 82' lang='lat' dir='ltr'>tempestate</span> <span class='ocrx_word' id='word_1_34' title='bbox 912 592 1023 638; x_wconf 86' lang='lat' dir='ltr'>floruerunt,</span> 
     </span>
     <span class='ocr_line' id='line_1_5' title="bbox 252 643 1024 698; baseline 0 -15"><span class='ocrx_word' id='word_1_35' title='bbox 252 643 332 684; x_wconf 75' lang='lat' dir='ltr'>scientia</span> <span class='ocrx_word' id='word_1_36' title='bbox 347 644 375 684; x_wconf 89' lang='lat' dir='ltr'>rei</span> <span class='ocrx_word' id='word_1_37' title='bbox 390 643 478 684; x_wconf 88' lang='lat' dir='ltr'>militaris</span> <span class='ocrx_word' id='word_1_38' title='bbox 488 648 508 684; x_wconf 89' lang='lat' dir='ltr'>et</span> <span class='ocrx_word' id='word_1_39' title='bbox 517 644 581 683; x_wconf 88' lang='lat' dir='ltr'>animo</span> <span class='ocrx_word' id='word_1_40' title='bbox 598 643 655 684; x_wconf 89' lang='lat' dir='ltr'>simul</span> <span class='ocrx_word' id='word_1_41' title='bbox 670 645 749 698; x_wconf 86' lang='lat' dir='ltr'>primus,</span> <span class='ocrx_word' id='word_1_42' title='bbox 760 648 779 684; x_wconf 93' lang='lat' dir='ltr'>et</span> <span class='ocrx_word' id='word_1_43' title='bbox 792 645 812 683; x_wconf 91' lang='lat' dir='ltr'>in</span> <span class='ocrx_word' id='word_1_44' title='bbox 831 645 900 695; x_wconf 81' lang='lat' dir='ltr'>Gallia,</span> <span class='ocrx_word' id='word_1_45' title='bbox 918 646 1024 698; x_wconf 80' lang='lat' dir='ltr'>Belgioqne</span> 
     </span>
     <span class='ocr_line' id='line_1_6' title="bbox 252 699 1023 752; baseline 0.001 -14"><span class='ocrx_word' id='word_1_46' title='bbox 252 712 308 739; x_wconf 88' lang='lat' dir='ltr'>suum</span> <span class='ocrx_word' id='word_1_47' title='bbox 318 712 387 738; x_wconf 87' lang='lat' dir='ltr'>nomen</span> <span class='ocrx_word' id='word_1_48' title='bbox 396 712 475 739; x_wconf 88' lang='lat' dir='ltr'>casuum</span> <span class='ocrx_word' id='word_1_49' title='bbox 484 699 611 752; x_wconf 81' lang='lat' dir='ltr'>prosperitate</span> <span class='ocrx_word' id='word_1_50' title='bbox 624 699 732 740; x_wconf 85' lang='lat' dir='ltr'>celebravit.</span> <span class='ocrx_word' id='word_1_51' title='bbox 761 699 890 743; x_wconf 76' lang='lat' dir='ltr'>Quamobrem</span> <span class='ocrx_word' id='word_1_52' title='bbox 900 715 940 741; x_wconf 87' lang='lat' dir='ltr'>non</span> <span class='ocrx_word' id='word_1_53' title='bbox 950 700 1023 748; x_wconf 86' lang='lat' dir='ltr'>dubito,</span> 
     </span>
     <span class='ocr_line' id='line_1_7' title="bbox 251 753 1024 808; baseline 0.001 -15"><span class='ocrx_word' id='word_1_54' title='bbox 251 754 298 807; x_wconf 89' lang='lat' dir='ltr'>quin</span> <span class='ocrx_word' id='word_1_55' title='bbox 308 753 398 793; x_wconf 81' lang='lat' dir='ltr'>divinitus</span> <span class='ocrx_word' id='word_1_56' title='bbox 409 753 467 794; x_wconf 84' lang='lat' dir='ltr'>fuerit</span> <span class='ocrx_word' id='word_1_57' title='bbox 476 754 605 794; x_wconf 85' lang='lat' dir='ltr'>coustitutum</span> <span class='ocrx_word' id='word_1_58' title='bbox 613 757 637 793; x_wconf 86' lang='lat' dir='ltr'>ut</span> <span class='ocrx_word' id='word_1_59' title='bbox 646 753 740 795; x_wconf 82' lang='lat' dir='ltr'>Catholici</span> <span class='ocrx_word' id='word_1_60' title='bbox 749 755 862 808; x_wconf 89' lang='lat' dir='ltr'>plerumque</span> <span class='ocrx_word' id='word_1_61' title='bbox 876 757 951 795; x_wconf 80' lang='lat' dir='ltr'>summe</span> <span class='ocrx_word' id='word_1_62' title='bbox 960 754 1024 795; x_wconf 81' lang='lat' dir='ltr'>faelici-</span> 
     </span>
     <span class='ocr_line' id='line_1_8' title="bbox 249 808 1022 863; baseline 0.003 -16"><span class='ocrx_word' id='word_1_63' title='bbox 249 812 294 857; x_wconf 86' lang='lat' dir='ltr'>tate,</span> <span class='ocrx_word' id='word_1_64' title='bbox 304 808 352 861; x_wconf 84' lang='lat' dir='ltr'>regii</span> <span class='ocrx_word' id='word_1_65' title='bbox 360 808 405 848; x_wconf 84' lang='lat' dir='ltr'>verb</span> <span class='ocrx_word' id='word_1_66' title='bbox 415 809 452 848; x_wconf 90' lang='lat' dir='ltr'>etsi</span> <span class='ocrx_word' id='word_1_67' title='bbox 461 809 535 849; x_wconf 80' lang='lat' dir='ltr'>fortiter</span> <span class='ocrx_word' id='word_1_68' title='bbox 544 812 564 848; x_wconf 91' lang='lat' dir='ltr'>et</span> <span class='ocrx_word' id='word_1_69' title='bbox 573 808 665 859; x_wconf 75' lang='lat' dir='ltr'>animose,</span> <span class='ocrx_word' id='word_1_70' title='bbox 676 814 740 850; x_wconf 87' lang='lat' dir='ltr'>tamen</span> <span class='ocrx_word' id='word_1_71' title='bbox 745 808 882 850; x_wconf 77' lang='lat' dir='ltr'>infaustissime</span> <span class='ocrx_word' id='word_1_72' title='bbox 889 810 927 850; x_wconf 86' lang='lat' dir='ltr'>sint</span> <span class='ocrx_word' id='word_1_73' title='bbox 936 809 1022 863; x_wconf 86' lang='lat' dir='ltr'>praeliati.</span> 
     </span>
     <span class='ocr_line' id='line_1_9' title="bbox 250 862 1023 918; baseline 0.003 -17"><span class='ocrx_word' id='word_1_74' title='bbox 250 862 319 915; x_wconf 82' lang='lat' dir='ltr'>Neque</span> <span class='ocrx_word' id='word_1_75' title='bbox 336 864 412 913; x_wconf 88' lang='lat' dir='ltr'>mirum,</span> <span class='ocrx_word' id='word_1_76' title='bbox 429 878 512 917; x_wconf 90' lang='lat' dir='ltr'>namque</span> <span class='ocrx_word' id='word_1_77' title='bbox 527 863 594 917; x_wconf 88' lang='lat' dir='ltr'>procul</span> <span class='ocrx_word' id='word_1_78' title='bbox 611 863 677 913; x_wconf 85' lang='lat' dir='ltr'>dubio,</span> <span class='ocrx_word' id='word_1_79' title='bbox 695 864 788 905; x_wconf 81' lang='lat' dir='ltr'>Catholici</span> <span class='ocrx_word' id='word_1_80' title='bbox 804 864 877 914; x_wconf 76' lang='lat' dir='ltr'>iberni,</span> <span class='ocrx_word' id='word_1_81' title='bbox 888 865 921 918; x_wconf 90' lang='lat' dir='ltr'>qui</span> <span class='ocrx_word' id='word_1_82' title='bbox 935 866 957 904; x_wconf 89' lang='lat' dir='ltr'>in</span> <span class='ocrx_word' id='word_1_83' title='bbox 971 865 1023 917; x_wconf 79' lang='lat' dir='ltr'>regio</span> 
     </span>
     <span class='ocr_line' id='line_1_10' title="bbox 250 917 1023 972; baseline 0.001 -15"><span class='ocrx_word' id='word_1_84' title='bbox 250 918 334 958; x_wconf 75' lang='lat' dir='ltr'>exercitu</span> <span class='ocrx_word' id='word_1_85' title='bbox 351 922 411 968; x_wconf 88' lang='lat' dir='ltr'>erant,</span> <span class='ocrx_word' id='word_1_86' title='bbox 428 919 546 972; x_wconf 88' lang='lat' dir='ltr'>impugnatae</span> <span class='ocrx_word' id='word_1_87' title='bbox 562 917 667 959; x_wconf 76' lang='lat' dir='ltr'>Catholieae</span> <span class='ocrx_word' id='word_1_88' title='bbox 682 919 779 972; x_wconf 79' lang='lat' dir='ltr'>religionis</span> <span class='ocrx_word' id='word_1_89' title='bbox 795 920 912 960; x_wconf 69' lang='lat' dir='ltr'>conscientia</span> <span class='ocrx_word' id='word_1_90' title='bbox 927 919 1023 959; x_wconf 77' lang='lat' dir='ltr'>sinistrius</span> 
     </span>
     <span class='ocr_line' id='line_1_11' title="bbox 249 972 1024 1028; baseline 0 -16"><span class='ocrx_word' id='word_1_91' title='bbox 249 987 289 1013; x_wconf 91' lang='lat' dir='ltr'>rem</span> <span class='ocrx_word' id='word_1_92' title='bbox 298 972 404 1026; x_wconf 77' lang='lat' dir='ltr'>gerebant3</span> <span class='ocrx_word' id='word_1_93' title='bbox 420 978 440 1013; x_wconf 92' lang='lat' dir='ltr'>et</span> <span class='ocrx_word' id='word_1_94' title='bbox 449 973 510 1026; x_wconf 80' lang='lat' dir='ltr'>Angli</span> <span class='ocrx_word' id='word_1_95' title='bbox 519 972 570 1022; x_wconf 83' lang='lat' dir='ltr'>belli,</span> <span class='ocrx_word' id='word_1_96' title='bbox 581 973 680 1027; x_wconf 82' lang='lat' dir='ltr'>praeliique</span> <span class='ocrx_word' id='word_1_97' title='bbox 690 973 786 1014; x_wconf 80' lang='lat' dir='ltr'>laboribus</span> <span class='ocrx_word' id='word_1_98' title='bbox 794 975 910 1028; x_wconf 81' lang='lat' dir='ltr'>perferendis</span> <span class='ocrx_word' id='word_1_99' title='bbox 920 988 960 1015; x_wconf 89' lang='lat' dir='ltr'>non</span> <span class='ocrx_word' id='word_1_100' title='bbox 970 980 1024 1013; x_wconf 91' lang='lat' dir='ltr'>erant</span> 
     </span>
     <span class='ocr_line' id='line_1_12' title="bbox 248 1028 1023 1082; baseline 0 -15"><span class='ocrx_word' id='word_1_101' title='bbox 248 1032 289 1067; x_wconf 88' lang='lat' dir='ltr'>tam</span> <span class='ocrx_word' id='word_1_102' title='bbox 298 1029 347 1068; x_wconf 88' lang='lat' dir='ltr'>firmi</span> <span class='ocrx_word' id='word_1_103' title='bbox 357 1034 375 1068; x_wconf 92' lang='lat' dir='ltr'>et</span> <span class='ocrx_word' id='word_1_104' title='bbox 385 1028 451 1069; x_wconf 89' lang='lat' dir='ltr'>idonei</span> <span class='ocrx_word' id='word_1_105' title='bbox 460 1044 481 1069; x_wconf 90' lang='lat' dir='ltr'>ac</span> <span class='ocrx_word' id='word_1_106' title='bbox 491 1028 564 1078; x_wconf 85' lang='lat' dir='ltr'>Ibenri,</span> <span class='ocrx_word' id='word_1_107' title='bbox 574 1033 594 1068; x_wconf 87' lang='lat' dir='ltr'>et</span> <span class='ocrx_word' id='word_1_108' title='bbox 604 1028 699 1069; x_wconf 83' lang='lat' dir='ltr'>O&#39;Nellus</span> <span class='ocrx_word' id='word_1_109' title='bbox 715 1043 792 1082; x_wconf 86' lang='lat' dir='ltr'>aequum</span> <span class='ocrx_word' id='word_1_110' title='bbox 801 1029 838 1070; x_wconf 91' lang='lat' dir='ltr'>sibi</span> <span class='ocrx_word' id='word_1_111' title='bbox 847 1029 912 1070; x_wconf 87' lang='lat' dir='ltr'>locum</span> <span class='ocrx_word' id='word_1_112' title='bbox 925 1028 1023 1070; x_wconf 80' lang='lat' dir='ltr'>adoriendi</span> 
     </span>
     <span class='ocr_line' id='line_1_13' title="bbox 248 1082 1023 1139; baseline 0 -17"><span class='ocrx_word' id='word_1_113' title='bbox 248 1082 348 1123; x_wconf 86' lang='lat' dir='ltr'>Norrisem</span> <span class='ocrx_word' id='word_1_114' title='bbox 358 1084 445 1124; x_wconf 77' lang='lat' dir='ltr'>studiose</span> <span class='ocrx_word' id='word_1_115' title='bbox 454 1084 526 1138; x_wconf 85' lang='lat' dir='ltr'>eligens</span> <span class='ocrx_word' id='word_1_116' title='bbox 537 1098 560 1124; x_wconf 85' lang='grc'>111</span> <span class='ocrx_word' id='word_1_117' title='bbox 570 1084 671 1124; x_wconf 89' lang='lat' dir='ltr'>commodo</span> <span class='ocrx_word' id='word_1_118' title='bbox 681 1083 768 1138; x_wconf 87' lang='lat' dir='ltr'>praelium</span> <span class='ocrx_word' id='word_1_119' title='bbox 778 1084 916 1134; x_wconf 86' lang='lat' dir='ltr'>committebat,</span> <span class='ocrx_word' id='word_1_120' title='bbox 927 1084 979 1139; x_wconf 92' lang='lat' dir='ltr'>quod</span> <span class='ocrx_word' id='word_1_121' title='bbox 986 1084 1023 1137; x_wconf 84' lang='lat' dir='ltr'>ipsi</span> 
     </span>
     <span class='ocr_line' id='line_1_14' title="bbox 247 1139 930 1191; baseline 0.001 -13"><span class='ocrx_word' id='word_1_122' title='bbox 247 1139 374 1179; x_wconf 88' lang='lat' dir='ltr'>necessarium</span> <span class='ocrx_word' id='word_1_123' title='bbox 384 1140 444 1180; x_wconf 87' lang='lat' dir='ltr'>fuisse</span> <span class='ocrx_word' id='word_1_124' title='bbox 453 1139 559 1188; x_wconf 84' lang='lat' dir='ltr'>videbatur,</span> <span class='ocrx_word' id='word_1_125' title='bbox 570 1139 604 1191; x_wconf 87' lang='lat' dir='ltr'>qui</span> <span class='ocrx_word' id='word_1_126' title='bbox 613 1139 697 1179; x_wconf 86' lang='lat' dir='ltr'>militum</span> <span class='ocrx_word' id='word_1_127' title='bbox 707 1153 785 1180; x_wconf 86' lang='lat' dir='ltr'>numero</span> <span class='ocrx_word' id='word_1_128' title='bbox 797 1144 838 1181; x_wconf 89' lang='lat' dir='ltr'>erat</span> <span class='ocrx_word' id='word_1_129' title='bbox 846 1140 930 1180; x_wconf 84' lang='lat' dir='ltr'>inferior.</span> 
     </span>
    </p>
   </div>
   <div class='ocr_carea' id='block_1_3' title="bbox 525 1313 751 1320">
    <p class='ocr_par' dir='ltr' id='par_1_3' title="bbox 525 1313 751 1320">
     <span class='ocr_line' id='line_1_15' title="bbox 525 1313 751 1320; baseline 0.004 -2"><span class='ocrx_word' id='word_1_130' title='bbox 525 1313 751 1320; x_wconf 54' lang='grc' dir='ltr'><strong>Ἥ...-</strong></span> 
     </span>
    </p>
   </div>
   <div class='ocr_carea' id='block_1_4' title="bbox 587 1432 686 1474">
    <p class='ocr_par' dir='ltr' id='par_1_4' title="bbox 587 1432 686 1474">
     <span class='ocr_line' id='line_1_16' title="bbox 587 1432 686 1474; baseline 0 -1"><span class='ocrx_word' id='word_1_131' title='bbox 587 1432 645 1474; x_wconf 83' lang='lat' dir='ltr'>OAP.</span> <span class='ocrx_word' id='word_1_132' title='bbox 660 1433 686 1474; x_wconf 87' lang='lat' dir='ltr'>X.</span> 
     </span>
    </p>
   </div>
   <div class='ocr_carea' id='block_1_5' title="bbox 329 1544 936 1590">
    <p class='ocr_par' dir='ltr' id='par_1_5' title="bbox 329 1544 936 1590">
     <span class='ocr_line' id='line_1_17' title="bbox 329 1544 936 1590; baseline 0.002 -12"><span class='ocrx_word' id='word_1_133' title='bbox 329 1544 413 1590; x_wconf 83' lang='lat' dir='ltr'>Lageniae</span> <span class='ocrx_word' id='word_1_134' title='bbox 422 1555 450 1578; x_wconf 85' lang='lat' dir='ltr'>res</span> <span class='ocrx_word' id='word_1_135' title='bbox 459 1544 526 1589; x_wconf 88' lang='lat' dir='ltr'>aliquot</span> <span class='ocrx_word' id='word_1_136' title='bbox 534 1549 662 1578; x_wconf 82' lang='lat' dir='ltr'>memorantur.</span> <span class='ocrx_word' id='word_1_137' title='bbox 686 1545 765 1579; x_wconf 86' lang='lat' dir='ltr'>Norrisis</span> <span class='ocrx_word' id='word_1_138' title='bbox 773 1545 876 1590; x_wconf 85' lang='lat' dir='ltr'>prodigiosa</span> <span class='ocrx_word' id='word_1_139' title='bbox 883 1557 936 1579; x_wconf 84' lang='lat' dir='ltr'>mors.</span> 
     </span>
    </p>
   </div>
   <div class='ocr_carea' id='block_1_6' title="bbox 242 1650 1022 2696">
    <p class='ocr_par' dir='ltr' id='par_1_6' title="bbox 242 1650 1022 2696">
     <span class='ocr_line' id='line_1_18' title="bbox 249 1650 1022 1705; baseline -0.003 -12"><span class='ocrx_word' id='word_1_140' title='bbox 249 1653 294 1693; x_wconf 72' lang='lat' dir='ltr'>Jrn</span> <span class='ocrx_word' id='word_1_141' title='bbox 303 1666 335 1692; x_wconf 91' lang='lat' dir='ltr'>me</span> <span class='ocrx_word' id='word_1_142' title='bbox 343 1651 474 1704; x_wconf 82' lang='lat' dir='ltr'>Lageuiorum</span> <span class='ocrx_word' id='word_1_143' title='bbox 483 1665 513 1692; x_wconf 90' lang='lat' dir='ltr'>res</span> <span class='ocrx_word' id='word_1_144' title='bbox 521 1655 597 1701; x_wconf 86' lang='lat' dir='ltr'>vocant,</span> <span class='ocrx_word' id='word_1_145' title='bbox 607 1652 642 1704; x_wconf 88' lang='lat' dir='ltr'>qui</span> <span class='ocrx_word' id='word_1_146' title='bbox 651 1650 726 1691; x_wconf 88' lang='lat' dir='ltr'>tametsi</span> <span class='ocrx_word' id='word_1_147' title='bbox 733 1651 796 1705; x_wconf 84' lang='lat' dir='ltr'>parvis</span> <span class='ocrx_word' id='word_1_148' title='bbox 802 1650 875 1691; x_wconf 86' lang='lat' dir='ltr'>viribus</span> <span class='ocrx_word' id='word_1_149' title='bbox 882 1665 952 1704; x_wconf 85' lang='lat' dir='ltr'>magna</span> <span class='ocrx_word' id='word_1_150' title='bbox 958 1655 1022 1691; x_wconf 87' lang='lat' dir='ltr'>tamen</span> 
     </span>
     <span class='ocr_line' id='line_1_19' title="bbox 248 1705 1020 1759; baseline -0.004 -11"><span class='ocrx_word' id='word_1_151' title='bbox 248 1707 357 1748; x_wconf 72' lang='lat' dir='ltr'>constantia</span> <span class='ocrx_word' id='word_1_152' title='bbox 373 1711 393 1746; x_wconf 91' lang='lat' dir='ltr'>et</span> <span class='ocrx_word' id='word_1_153' title='bbox 409 1706 481 1746; x_wconf 85' lang='lat' dir='ltr'>virt-ute</span> <span class='ocrx_word' id='word_1_154' title='bbox 497 1720 533 1758; x_wconf 88' lang='lat' dir='ltr'>pro</span> <span class='ocrx_word' id='word_1_155' title='bbox 549 1705 649 1746; x_wconf 74' lang='lat' dir='ltr'>catholiea</span> <span class='ocrx_word' id='word_1_156' title='bbox 668 1706 759 1759; x_wconf 82' lang='lat' dir='ltr'>religione</span> <span class='ocrx_word' id='word_1_157' title='bbox 778 1720 858 1746; x_wconf 90' lang='lat' dir='ltr'>manum</span> <span class='ocrx_word' id='word_1_158' title='bbox 877 1710 1020 1747; x_wconf 85' lang='lat' dir='ltr'>conseruerunt.</span> 
     </span>
     <span class='ocr_line' id='line_1_20' title="bbox 247 1759 1020 1815; baseline -0.003 -12"><span class='ocrx_word' id='word_1_159' title='bbox 247 1763 353 1815; x_wconf 86' lang='lat' dir='ltr'>Postquam</span> <span class='ocrx_word' id='word_1_160' title='bbox 369 1760 453 1802; x_wconf 78' lang='lat' dir='ltr'>Fiachus</span> <span class='ocrx_word' id='word_1_161' title='bbox 470 1759 558 1801; x_wconf 87' lang='lat' dir='ltr'>O’Bruin</span> <span class='ocrx_word' id='word_1_162' title='bbox 568 1761 598 1800; x_wconf 84' lang='grc'>111</span> <span class='ocrx_word' id='word_1_163' title='bbox 606 1764 703 1810; x_wconf 85' lang='lat' dir='ltr'>strenuus,</span> <span class='ocrx_word' id='word_1_164' title='bbox 713 1765 732 1800; x_wconf 96' lang='lat' dir='ltr'>et</span> <span class='ocrx_word' id='word_1_165' title='bbox 741 1761 874 1802; x_wconf 88' lang='lat' dir='ltr'>haereticorum</span> <span class='ocrx_word' id='word_1_166' title='bbox 882 1761 944 1801; x_wconf 88' lang='lat' dir='ltr'>hostis</span> <span class='ocrx_word' id='word_1_167' title='bbox 954 1761 1020 1801; x_wconf 87' lang='lat' dir='ltr'>acerri-</span> 
     </span>
     <span class='ocr_line' id='line_1_21' title="bbox 246 1815 1021 1871; baseline -0.004 -12"><span class='ocrx_word' id='word_1_168' title='bbox 246 1833 290 1859; x_wconf 87' lang='lat' dir='ltr'>mus</span> <span class='ocrx_word' id='word_1_169' title='bbox 299 1817 337 1859; x_wconf 80' lang='lat' dir='ltr'>fuit</span> <span class='ocrx_word' id='word_1_170' title='bbox 346 1831 381 1871; x_wconf 86' lang='lat' dir='ltr'>per</span> <span class='ocrx_word' id='word_1_171' title='bbox 397 1816 524 1870; x_wconf 84' lang='lat' dir='ltr'>perditionem</span> <span class='ocrx_word' id='word_1_172' title='bbox 541 1815 643 1865; x_wconf 77' lang='lat' dir='ltr'>extinctus,</span> <span class='ocrx_word' id='word_1_173' title='bbox 655 1816 696 1868; x_wconf 85' lang='lat' dir='ltr'>ejus</span> <span class='ocrx_word' id='word_1_174' title='bbox 711 1815 745 1856; x_wconf 88' lang='lat' dir='ltr'>fflii</span> <span class='ocrx_word' id='word_1_175' title='bbox 759 1815 851 1865; x_wconf 70' lang='lat' dir='ltr'>nemias,</span> <span class='ocrx_word' id='word_1_176' title='bbox 861 1820 880 1857; x_wconf 90' lang='lat' dir='ltr'>et</span> <span class='ocrx_word' id='word_1_177' title='bbox 895 1816 1021 1870; x_wconf 82' lang='lat' dir='ltr'>Raymuudus</span> 
     </span>
     <span class='ocr_line' id='line_1_22' title="bbox 247 1870 1021 1926; baseline -0.003 -13"><span class='ocrx_word' id='word_1_178' title='bbox 247 1870 633 1926; x_wconf 41' lang='grc'><strong>111111111111111111111111111111</strong></span> <span class='ocrx_word' id='word_1_179' title='bbox 660 1871 712 1911; x_wconf 90' lang='lat' dir='ltr'>Dum</span> <span class='ocrx_word' id='word_1_180' title='bbox 727 1870 884 1924; x_wconf 75' lang='lat' dir='ltr'>Raymu&#39;ndusin</span> <span class='ocrx_word' id='word_1_181' title='bbox 892 1871 979 1924; x_wconf 77' lang='lat' dir='ltr'>Lagenit</span> <span class='ocrx_word' id='word_1_182' title='bbox 988 1876 1021 1911; x_wconf 87' lang='grc'><strong>111-</strong></span> 
     </span>
     <span class='ocr_line' id='line_1_23' title="bbox 246 1925 1021 1975; baseline -0.003 -6"><span class='ocrx_word' id='word_1_183' title='bbox 246 1929 320 1969; x_wconf 88' lang='lat' dir='ltr'>multus</span> <span class='ocrx_word' id='word_1_184' title='bbox 334 1929 355 1967; x_wconf 92' lang='grc'>11</span> <span class='ocrx_word' id='word_1_185' title='bbox 364 1926 464 1967; x_wconf 84' lang='lat' dir='ltr'>haereticos</span> <span class='ocrx_word' id='word_1_186' title='bbox 474 1927 566 1966; x_wconf 81' lang='lat' dir='ltr'>excitatos</span> <span class='ocrx_word' id='word_1_187' title='bbox 576 1926 636 1975; x_wconf 84' lang='lat' dir='ltr'>ducit,</span> <span class='ocrx_word' id='word_1_188' title='bbox 646 1925 731 1965; x_wconf 81' lang='lat' dir='ltr'>Felmius</span> <span class='ocrx_word' id='word_1_189' title='bbox 741 1927 761 1966; x_wconf 90' lang='lat' dir='ltr'>in</span> <span class='ocrx_word' id='word_1_190' title='bbox 773 1925 871 1967; x_wconf 87' lang='lat' dir='ltr'>Ultoniam</span> <span class='ocrx_word' id='word_1_191' title='bbox 881 1927 904 1967; x_wconf 89' lang='lat' dir='ltr'>ad</span> <span class='ocrx_word' id='word_1_192' title='bbox 915 1926 1021 1967; x_wconf 87' lang='lat' dir='ltr'>O&#39;Nellum</span> 
     </span>
     <span class='ocr_line' id='line_1_24' title="bbox 246 1981 1021 2034; baseline -0.003 -10"><span class='ocrx_word' id='word_1_193' title='bbox 246 1983 352 2032; x_wconf 83' lang='lat' dir='ltr'>contendit,</span> <span class='ocrx_word' id='word_1_194' title='bbox 363 1981 456 2023; x_wconf 77' lang='lat' dir='ltr'>auxilium</span> <span class='ocrx_word' id='word_1_195' title='bbox 465 1981 554 2034; x_wconf 88' lang='lat' dir='ltr'>petitum,</span> <span class='ocrx_word' id='word_1_196' title='bbox 569 1995 628 2033; x_wconf 88' lang='lat' dir='ltr'>aquo</span> <span class='ocrx_word' id='word_1_197' title='bbox 643 1982 724 2034; x_wconf 81' lang='lat' dir='ltr'>receptis</span> <span class='ocrx_word' id='word_1_198' title='bbox 741 1981 838 2034; x_wconf 83' lang='lat' dir='ltr'>peditibus</span> <span class='ocrx_word' id='word_1_199' title='bbox 847 1982 887 2022; x_wconf 79' lang='lat' dir='ltr'>lere</span> <span class='ocrx_word' id='word_1_200' title='bbox 901 1982 991 2022; x_wconf 88' lang='lat' dir='ltr'>trecentis</span> <span class='ocrx_word' id='word_1_201' title='bbox 1001 1989 1021 2022; x_wconf 88' lang='lat' dir='ltr'>et</span> 
     </span>
     <span class='ocr_line' id='line_1_25' title="bbox 246 2035 1019 2093; baseline -0.004 -14"><span class='ocrx_word' id='word_1_202' title='bbox 246 2038 386 2093; x_wconf 87' lang='lat' dir='ltr'>quinquaginta</span> <span class='ocrx_word' id='word_1_203' title='bbox 403 2036 452 2077; x_wconf 86' lang='lat' dir='ltr'>duce</span> <span class='ocrx_word' id='word_1_204' title='bbox 466 2035 564 2077; x_wconf 89' lang='lat' dir='ltr'>Bernardo</span> <span class='ocrx_word' id='word_1_205' title='bbox 575 2035 668 2076; x_wconf 75' lang='lat' dir='ltr'>O’Mone</span> <span class='ocrx_word' id='word_1_206' title='bbox 682 2041 809 2090; x_wconf 85' lang='lat' dir='ltr'>cognomento</span> <span class='ocrx_word' id='word_1_207' title='bbox 819 2036 882 2077; x_wconf 77' lang='lat' dir='ltr'>Fusco</span> <span class='ocrx_word' id='word_1_208' title='bbox 893 2036 1019 2089; x_wconf 68' lang='grc'><strong>(1111111111-</strong></span> 
     </span>
     <span class='ocr_line' id='line_1_26' title="bbox 245 2090 1020 2147; baseline -0.004 -12"><span class='ocrx_word' id='word_1_209' title='bbox 245 2095 302 2147; x_wconf 86' lang='lat' dir='ltr'>genio</span> <span class='ocrx_word' id='word_1_210' title='bbox 312 2093 373 2134; x_wconf 89' lang='lat' dir='ltr'>nobili</span> <span class='ocrx_word' id='word_1_211' title='bbox 381 2091 477 2133; x_wconf 86' lang='lat' dir='ltr'>laboranti</span> <span class='ocrx_word' id='word_1_212' title='bbox 485 2091 540 2131; x_wconf 81' lang='lat' dir='ltr'>fratri</span> <span class='ocrx_word' id='word_1_213' title='bbox 550 2104 607 2144; x_wconf 90' lang='lat' dir='ltr'>quam</span> <span class='ocrx_word' id='word_1_214' title='bbox 623 2090 783 2144; x_wconf 77' lang='lat' dir='ltr'>opportunissime</span> <span class='ocrx_word' id='word_1_215' title='bbox 793 2091 838 2131; x_wconf 90' lang='lat' dir='ltr'>tulit</span> <span class='ocrx_word' id='word_1_216' title='bbox 849 2105 911 2145; x_wconf 88' lang='lat' dir='ltr'>opem,</span> <span class='ocrx_word' id='word_1_217' title='bbox 921 2095 1020 2144; x_wconf 87' lang='lat' dir='ltr'>totamque</span> 
     </span>
     <span class='ocr_line' id='line_1_27' title="bbox 244 2146 1019 2203; baseline -0.005 -13"><span class='ocrx_word' id='word_1_218' title='bbox 244 2153 343 2203; x_wconf 87' lang='lat' dir='ltr'>paternam</span> <span class='ocrx_word' id='word_1_219' title='bbox 358 2147 495 2196; x_wconf 86' lang='lat' dir='ltr'>haereditatem,</span> <span class='ocrx_word' id='word_1_220' title='bbox 510 2147 551 2200; x_wconf 82' lang='lat' dir='ltr'>jam</span> <span class='ocrx_word' id='word_1_221' title='bbox 566 2160 616 2199; x_wconf 88' lang='lat' dir='ltr'>pene</span> <span class='ocrx_word' id='word_1_222' title='bbox 625 2146 714 2186; x_wconf 84' lang='lat' dir='ltr'>amissam</span> <span class='ocrx_word' id='word_1_223' title='bbox 722 2147 743 2186; x_wconf 91' lang='grc'>11</span> <span class='ocrx_word' id='word_1_224' title='bbox 752 2160 807 2185; x_wconf 85' lang='lat' dir='ltr'>suam</span> <span class='ocrx_word' id='word_1_225' title='bbox 815 2150 930 2199; x_wconf 84' lang='lat' dir='ltr'>potestatem</span> <span class='ocrx_word' id='word_1_226' title='bbox 939 2147 1019 2200; x_wconf 81' lang='lat' dir='ltr'>redegit,</span> 
     </span>
     <span class='ocr_line' id='line_1_28' title="bbox 245 2199 1019 2256; baseline -0.003 -11"><span class='ocrx_word' id='word_1_227' title='bbox 245 2204 334 2245; x_wconf 85' lang='lat' dir='ltr'>secundis</span> <span class='ocrx_word' id='word_1_228' title='bbox 354 2203 428 2256; x_wconf 88' lang='lat' dir='ltr'>aliquot</span> <span class='ocrx_word' id='word_1_229' title='bbox 446 2199 590 2242; x_wconf 87' lang='lat' dir='ltr'>velitationibus</span> <span class='ocrx_word' id='word_1_230' title='bbox 608 2201 670 2241; x_wconf 80' lang='lat' dir='ltr'>saetis.</span> <span class='ocrx_word' id='word_1_231' title='bbox 700 2200 749 2240; x_wconf 80' lang='lat' dir='ltr'>Inde</span> <span class='ocrx_word' id='word_1_232' title='bbox 767 2200 878 2241; x_wconf 86' lang='lat' dir='ltr'>Bernardus</span> <span class='ocrx_word' id='word_1_233' title='bbox 893 2201 968 2254; x_wconf 83' lang='lat' dir='ltr'>Anglos</span> <span class='ocrx_word' id='word_1_234' title='bbox 985 2204 1019 2256; x_wconf 90' lang='lat' dir='ltr'>qui</span> 
     </span>
     <span class='ocr_line' id='line_1_29' title="bbox 243 2254 1018 2314; baseline -0.004 -14"><span class='ocrx_word' id='word_1_235' title='bbox 243 2259 419 2314; x_wconf 84' lang='lat' dir='ltr'>Loohgarmensem</span> <span class='ocrx_word' id='word_1_236' title='bbox 435 2257 507 2298; x_wconf 88' lang='lat' dir='ltr'>tribum</span> <span class='ocrx_word' id='word_1_237' title='bbox 524 2255 645 2305; x_wconf 85' lang='lat' dir='ltr'>habitabant,</span> <span class='ocrx_word' id='word_1_238' title='bbox 656 2259 675 2295; x_wconf 90' lang='lat' dir='ltr'>et</span> <span class='ocrx_word' id='word_1_239' title='bbox 687 2254 768 2295; x_wconf 87' lang='lat' dir='ltr'>Ibernos</span> <span class='ocrx_word' id='word_1_240' title='bbox 784 2255 873 2309; x_wconf 82' lang='lat' dir='ltr'>Anglioae</span> <span class='ocrx_word' id='word_1_241' title='bbox 887 2257 975 2298; x_wconf 82' lang='lat' dir='ltr'>factionis</span> <span class='ocrx_word' id='word_1_242' title='bbox 989 2272 1018 2297; x_wconf 86' lang='lat' dir='ltr'>re-</span> 
     </span>
     <span class='ocr_line' id='line_1_30' title="bbox 244 2310 1018 2369; baseline -0.004 -13"><span class='ocrx_word' id='word_1_243' title='bbox 244 2315 329 2369; x_wconf 86' lang='lat' dir='ltr'>pentinis</span> <span class='ocrx_word' id='word_1_244' title='bbox 338 2312 482 2354; x_wconf 83' lang='lat' dir='ltr'>incursionibus</span> <span class='ocrx_word' id='word_1_245' title='bbox 493 2311 620 2366; x_wconf 86' lang='lat' dir='ltr'>depraedatur.</span> <span class='ocrx_word' id='word_1_246' title='bbox 649 2310 825 2363; x_wconf 80' lang='lat' dir='ltr'>Agentempraedas</span> <span class='ocrx_word' id='word_1_247' title='bbox 834 2311 921 2365; x_wconf 79' lang='lat' dir='ltr'>Anglicae</span> <span class='ocrx_word' id='word_1_248' title='bbox 931 2312 1018 2353; x_wconf 85' lang='lat' dir='ltr'>cohortes</span> 
     </span>
     <span class='ocr_line' id='line_1_31' title="bbox 244 2364 1018 2424; baseline -0.003 -14"><span class='ocrx_word' id='word_1_249' title='bbox 244 2374 328 2424; x_wconf 89' lang='lat' dir='ltr'>quatuor</span> <span class='ocrx_word' id='word_1_250' title='bbox 337 2383 381 2410; x_wconf 88' lang='lat' dir='ltr'>cum</span> <span class='ocrx_word' id='word_1_251' title='bbox 392 2367 537 2421; x_wconf 81' lang='lat' dir='ltr'>quadringentis</span> <span class='ocrx_word' id='word_1_252' title='bbox 551 2365 675 2407; x_wconf 75' lang='lat' dir='ltr'>auxiliaribus</span> <span class='ocrx_word' id='word_1_253' title='bbox 690 2364 765 2406; x_wconf 75' lang='lat' dir='ltr'>ibernis</span> <span class='ocrx_word' id='word_1_254' title='bbox 773 2365 795 2405; x_wconf 91' lang='lat' dir='ltr'>in</span> <span class='ocrx_word' id='word_1_255' title='bbox 804 2370 869 2419; x_wconf 85' lang='lat' dir='ltr'>aperta</span> <span class='ocrx_word' id='word_1_256' title='bbox 877 2367 959 2420; x_wconf 86' lang='lat' dir='ltr'>planicie</span> <span class='ocrx_word' id='word_1_257' title='bbox 969 2382 1018 2408; x_wconf 84' lang='lat' dir='ltr'>asse-</span> 
     </span>
     <span class='ocr_line' id='line_1_32' title="bbox 244 2420 1017 2479; baseline -0.003 -14"><span class='ocrx_word' id='word_1_258' title='bbox 244 2428 336 2479; x_wconf 85' lang='lat' dir='ltr'>quuntur.</span> <span class='ocrx_word' id='word_1_259' title='bbox 365 2422 475 2464; x_wconf 89' lang='lat' dir='ltr'>Bernardus</span> <span class='ocrx_word' id='word_1_260' title='bbox 485 2423 561 2475; x_wconf 83' lang='lat' dir='ltr'>agmine</span> <span class='ocrx_word' id='word_1_261' title='bbox 570 2422 666 2462; x_wconf 84' lang='lat' dir='ltr'>instructo</span> <span class='ocrx_word' id='word_1_262' title='bbox 677 2434 700 2460; x_wconf 80' lang='lat' dir='ltr'>ex</span> <span class='ocrx_word' id='word_1_263' title='bbox 710 2420 854 2473; x_wconf 85' lang='lat' dir='ltr'>quadringentis</span> <span class='ocrx_word' id='word_1_264' title='bbox 860 2422 958 2476; x_wconf 85' lang='lat' dir='ltr'>peditibus</span> <span class='ocrx_word' id='word_1_265' title='bbox 963 2422 1017 2463; x_wconf 84' lang='lat' dir='ltr'>Iber-</span> 
     </span>
     <span class='ocr_line' id='line_1_33' title="bbox 243 2475 1016 2533; baseline -0.004 -12"><span class='ocrx_word' id='word_1_266' title='bbox 243 2481 274 2521; x_wconf 89' lang='lat' dir='ltr'>nis</span> <span class='ocrx_word' id='word_1_267' title='bbox 285 2480 347 2533; x_wconf 88' lang='lat' dir='ltr'>(haud</span> <span class='ocrx_word' id='word_1_268' title='bbox 356 2479 421 2533; x_wconf 89' lang='lat' dir='ltr'>plures</span> <span class='ocrx_word' id='word_1_269' title='bbox 431 2476 522 2531; x_wconf 82' lang='lat' dir='ltr'>habebat)</span> <span class='ocrx_word' id='word_1_270' title='bbox 533 2477 578 2518; x_wconf 73' lang='lat' dir='ltr'>area</span> <span class='ocrx_word' id='word_1_271' title='bbox 588 2490 660 2530; x_wconf 82' lang='lat' dir='ltr'>pugnae</span> <span class='ocrx_word' id='word_1_272' title='bbox 667 2489 708 2515; x_wconf 85' lang='lat' dir='ltr'>sese</span> <span class='ocrx_word' id='word_1_273' title='bbox 718 2475 812 2515; x_wconf 89' lang='lat' dir='ltr'>commisit</span> <span class='ocrx_word' id='word_1_274' title='bbox 822 2479 841 2516; x_wconf 87' lang='lat' dir='ltr'>et</span> <span class='ocrx_word' id='word_1_275' title='bbox 850 2491 886 2531; x_wconf 93' lang='lat' dir='ltr'>ope</span> <span class='ocrx_word' id='word_1_276' title='bbox 893 2477 958 2518; x_wconf 87' lang='lat' dir='ltr'>divina</span> <span class='ocrx_word' id='word_1_277' title='bbox 966 2477 1016 2518; x_wconf 83' lang='lat' dir='ltr'>vicit.</span> 
     </span>
     <span class='ocr_line' id='line_1_34' title="bbox 242 2530 1017 2590; baseline -0.005 -14"><span class='ocrx_word' id='word_1_278' title='bbox 242 2535 304 2590; x_wconf 80' lang='lat' dir='ltr'>Angli</span> <span class='ocrx_word' id='word_1_279' title='bbox 314 2535 338 2575; x_wconf 90' lang='lat' dir='ltr'>ad</span> <span class='ocrx_word' id='word_1_280' title='bbox 347 2548 409 2575; x_wconf 90' lang='lat' dir='ltr'>unum</span> <span class='ocrx_word' id='word_1_281' title='bbox 424 2533 566 2577; x_wconf 84' lang='lat' dir='ltr'>trucidantur.†</span> <span class='ocrx_word' id='word_1_282' title='bbox 593 2532 667 2572; x_wconf 81' lang='lat' dir='ltr'>Eorum</span> <span class='ocrx_word' id='word_1_283' title='bbox 683 2530 782 2570; x_wconf 79' lang='lat' dir='ltr'>auxiliares</span> <span class='ocrx_word' id='word_1_284' title='bbox 796 2530 861 2572; x_wconf 89' lang='lat' dir='ltr'>lberni</span> <span class='ocrx_word' id='word_1_285' title='bbox 870 2547 909 2573; x_wconf 89' lang='lat' dir='ltr'>non</span> <span class='ocrx_word' id='word_1_286' title='bbox 919 2533 975 2586; x_wconf 84' lang='lat' dir='ltr'>pauci</span> <span class='ocrx_word' id='word_1_287' title='bbox 985 2533 1017 2572; x_wconf 91' lang='lat' dir='ltr'>de-</span> 
     </span>
     <span class='ocr_line' id='line_1_35' title="bbox 243 2585 1016 2641; baseline -0.005 -9"><span class='ocrx_word' id='word_1_288' title='bbox 243 2591 356 2632; x_wconf 81' lang='lat' dir='ltr'>siderantur.</span> <span class='ocrx_word' id='word_1_289' title='bbox 386 2588 455 2629; x_wconf 78' lang='lat' dir='ltr'>Caeteri</span> <span class='ocrx_word' id='word_1_290' title='bbox 475 2588 522 2641; x_wconf 74' lang='lat' dir='ltr'>fuga</span> <span class='ocrx_word' id='word_1_291' title='bbox 541 2587 622 2628; x_wconf 87' lang='lat' dir='ltr'>salntem</span> <span class='ocrx_word' id='word_1_292' title='bbox 641 2588 717 2639; x_wconf 89' lang='lat' dir='ltr'>petunt.</span> <span class='ocrx_word' id='word_1_293' title='bbox 745 2585 820 2626; x_wconf 83' lang='lat' dir='ltr'>Arctus</span> <span class='ocrx_word' id='word_1_294' title='bbox 839 2591 868 2627; x_wconf 85' lang='lat' dir='ltr'>est</span> <span class='ocrx_word' id='word_1_295' title='bbox 886 2587 1016 2640; x_wconf 85' lang='lat' dir='ltr'>Lageniorum</span> 
     </span>
     <span class='ocr_line' id='line_1_36' title="bbox 242 2640 1015 2696; baseline -0.005 -9"><span class='ocrx_word' id='word_1_296' title='bbox 242 2649 307 2687; x_wconf 88' lang='lat' dir='ltr'>motus</span> <span class='ocrx_word' id='word_1_297' title='bbox 317 2645 390 2686; x_wconf 88' lang='lat' dir='ltr'>Huone</span> <span class='ocrx_word' id='word_1_298' title='bbox 400 2643 493 2684; x_wconf 76' lang='lat' dir='ltr'>O’Morre</span> <span class='ocrx_word' id='word_1_299' title='bbox 502 2642 577 2683; x_wconf 87' lang='lat' dir='ltr'>virilem</span> <span class='ocrx_word' id='word_1_300' title='bbox 585 2646 652 2696; x_wconf 86' lang='lat' dir='ltr'>togam</span> <span class='ocrx_word' id='word_1_301' title='bbox 660 2643 752 2680; x_wconf 86' lang='lat' dir='ltr'>sumente.</span> <span class='ocrx_word' id='word_1_302' title='bbox 774 2640 795 2681; x_wconf 85' lang='lat' dir='ltr'>Is</span> <span class='ocrx_word' id='word_1_303' title='bbox 803 2647 842 2682; x_wconf 89' lang='lat' dir='ltr'>erat</span> <span class='ocrx_word' id='word_1_304' title='bbox 850 2643 900 2683; x_wconf 83' lang='lat' dir='ltr'>filius</span> <span class='ocrx_word' id='word_1_305' title='bbox 910 2642 1015 2694; x_wconf 79' lang='lat' dir='ltr'>Rotherioi,</span> 
     </span>
    </p>
   </div>
   <div class='ocr_carea' id='block_1_7' title="bbox 242 2755 1015 2986">
    <p class='ocr_par' dir='ltr' id='par_1_7' title="bbox 242 2755 1015 2986">
     <span class='ocr_line' id='line_1_37' title="bbox 265 2755 1015 2807; baseline -0.009 -10"><span class='ocrx_word' id='word_1_306' title='bbox 265 2766 273 2781; x_wconf 76' lang='lat'>¹¹</span> <span class='ocrx_word' id='word_1_307' title='bbox 285 2762 341 2796; x_wconf 83' lang='lat' dir='ltr'>Fiach</span> <span class='ocrx_word' id='word_1_308' title='bbox 351 2761 434 2806; x_wconf 75' lang='lat' dir='ltr'>O’Byrne</span> <span class='ocrx_word' id='word_1_309' title='bbox 442 2769 476 2792; x_wconf 81' lang='lat' dir='ltr'>was</span> <span class='ocrx_word' id='word_1_310' title='bbox 489 2758 544 2791; x_wconf 85' lang='lat' dir='ltr'>killed</span> <span class='ocrx_word' id='word_1_311' title='bbox 554 2757 574 2791; x_wconf 88' lang='lat' dir='ltr'>in</span> <span class='ocrx_word' id='word_1_312' title='bbox 582 2757 631 2802; x_wconf 87' lang='lat' dir='ltr'>May,</span> <span class='ocrx_word' id='word_1_313' title='bbox 642 2755 698 2807; x_wconf 79' lang='grc' dir='ltr'>1597.Ι</span> <span class='ocrx_word' id='word_1_314' title='bbox 716 2755 771 2789; x_wconf 81' lang='lat' dir='ltr'>From</span> <span class='ocrx_word' id='word_1_315' title='bbox 779 2758 851 2803; x_wconf 78' lang='lat' dir='ltr'>August</span> <span class='ocrx_word' id='word_1_316' title='bbox 861 2760 881 2791; x_wconf 79' lang='lat'>15</span> <span class='ocrx_word' id='word_1_317' title='bbox 889 2762 908 2791; x_wconf 90' lang='grc' dir='ltr'>1ο</span> <span class='ocrx_word' id='word_1_318' title='bbox 917 2757 1015 2794; x_wconf 74' lang='lat' dir='ltr'>Ohristmas</span> 
     </span>
     <span class='ocr_line' id='line_1_38' title="bbox 243 2800 1014 2884; baseline -0.013 -42"><span class='ocrx_word' id='word_1_319' title='bbox 243 2821 289 2842; x_wconf 83' lang='lat' dir='ltr'>same</span> <span class='ocrx_word' id='word_1_320' title='bbox 297 2819 344 2860; x_wconf 76' lang='lat' dir='ltr'>year,</span> <span class='ocrx_word' id='word_1_321' title='bbox 352 2805 469 2882; x_wconf 40' lang='lat' dir='ltr'>his&#39;sonband</span> <span class='ocrx_word' id='word_1_322' title='bbox 482 2803 542 2881; x_wconf 56' lang='lat' dir='ltr'>otpebrs</span> <span class='ocrx_word' id='word_1_323' title='bbox 549 2800 723 2881; x_wconf 44' lang='lat' dir='ltr'>&amp;rgeessplgpgqlrezrg</span> <span class='ocrx_word' id='word_1_324' title='bbox 735 2801 836 2884; x_wconf 54' lang='grc' dir='ltr'>3ξίἲέἑεῖπῶ</span> <span class='ocrx_word' id='word_1_325' title='bbox 843 2804 1014 2884; x_wconf 45' lang='grc' dir='ltr'>ἔοῡαέθλθῑίζιὲιθνῗῇρ,</span> 
     </span>
     <span class='ocr_line' id='line_1_39' title="bbox 242 2852 1015 2941; baseline -0.008 -9"><span class='ocrx_word' id='word_1_326' title='bbox 242 2852 427 2941; x_wconf 49' lang='grc' dir='ltr'><strong>ᾗῖξ1ν111ι11111ἒὲξ1</strong></span> <span class='ocrx_word' id='word_1_327' title='bbox 431 2860 504 2929; x_wconf 61' lang='lat' dir='ltr'>sedldidils</span> <span class='ocrx_word' id='word_1_328' title='bbox 513 2860 601 2926; x_wconf 67' lang='lat' dir='ltr'>stitioned</span> <span class='ocrx_word' id='word_1_329' title='bbox 609 2872 628 2925; x_wconf 74' lang='lat' dir='ltr'>ait</span> <span class='ocrx_word' id='word_1_330' title='bbox 637 2868 775 2936; x_wconf 75' lang='lat' dir='ltr'>Marybdrough.</span> <span class='ocrx_word' id='word_1_331' title='bbox 801 2894 835 2927; x_wconf 80' lang='lat' dir='ltr'>See</span> <span class='ocrx_word' id='word_1_332' title='bbox 843 2893 879 2927; x_wconf 85' lang='lat' dir='ltr'>also</span> <span class='ocrx_word' id='word_1_333' title='bbox 889 2893 933 2933; x_wconf 78' lang='lat' dir='ltr'>Gor,</span> <span class='ocrx_word' id='word_1_334' title='bbox 941 2861 1015 2940; x_wconf 50' lang='lat' dir='ltr'>plratlff</span> 
     </span>
     <span class='ocr_line' id='line_1_40' title="bbox 264 2935 839 2986; baseline -0.012 -9"><span class='ocrx_word' id='word_1_335' title='bbox 264 2946 274 2986; x_wconf 76' lang='lat' dir='ltr'>t</span> <span class='ocrx_word' id='word_1_336' title='bbox 288 2943 326 2977; x_wconf 87' lang='lat' dir='ltr'>One</span> <span class='ocrx_word' id='word_1_337' title='bbox 334 2942 355 2976; x_wconf 83' lang='lat' dir='ltr'>of</span> <span class='ocrx_word' id='word_1_338' title='bbox 360 2943 390 2975; x_wconf 87' lang='lat' dir='ltr'>the</span> <span class='ocrx_word' id='word_1_339' title='bbox 398 2941 461 2974; x_wconf 85' lang='lat' dir='ltr'>battles</span> <span class='ocrx_word' id='word_1_340' title='bbox 468 2938 550 2972; x_wconf 81' lang='lat' dir='ltr'>referred</span> <span class='ocrx_word' id='word_1_341' title='bbox 556 2943 581 2979; x_wconf 76' lang='lat' dir='ltr'>to,</span> <span class='ocrx_word' id='word_1_342' title='bbox 589 2949 606 2982; x_wconf 88' lang='lat' dir='ltr'>p.</span> <span class='ocrx_word' id='word_1_343' title='bbox 615 2935 724 2978; x_wconf 65' lang='grc'><strong>114111),</strong></span> <span class='ocrx_word' id='word_1_344' title='bbox 734 2937 783 2974; x_wconf 81' lang='lat'>1597.</span> <span class='ocrx_word' id='word_1_345' title='bbox 837 2958 839 2961; x_wconf 86' lang='lat'>.</span> 
     </span>
    </p>
   </div>
   <div class='ocr_carea' id='block_1_8' title="bbox 0 0 1124 3535">
    <p class='ocr_par' dir='ltr' id='par_1_8' title="bbox 0 0 1124 3535">
     <span class='ocr_line' id='line_1_41' title="bbox 0 0 1124 3535; baseline 0 4"><span class='ocrx_word' id='word_1_346' title='bbox 0 0 1124 3535; x_wconf 95' lang='lat' dir='ltr'> </span> 
     </span>
    </p>
   </div>
  </div>
 </body>
</html>
