2237 3535
103 394 147 422 car.
162 380 207 432 xa]
353 393 443 422 mnnurnr
459 394 496 423 sue
510 393 639 422 nnrzannrna
837 383 876 423 119

100 491 157 544 juxta
175 489 305 531 Lismorem.l
332 490 430 533 Jobannes
449 491 567 540 Giraldinus,
588 489 622 542 qni
641 488 756 530 seneschalis
771 488 876 540 dicebatur,

102 559 160 598 eques
170 545 241 586 nobilis
248 546 341 586 minorem
350 547 437 600 peditum
446 560 548 588 numerum
556 544 629 585 ducens
638 544 734 598 lapidibus
743 544 814 585 obruit.

129 601 149 641 A
166 600 211 641 Mac
228 600 301 641 Morise
319 601 409 643 Lacsnaae
421 602 493 643 barone
503 615 538 641 sex
552 613 623 653 pueros
639 598 714 639 nobiles
730 599 833 640 haereticus
843 599 893 640 ob-v

103 655 153 695 sides
173 659 283 704 extorserat,
303 661 322 697 et
331 659 422 711 conceptb
433 657 456 698 de
472 670 494 696 eo
504 654 614 696 rebellionis
624 654 733 708 suspicione
744 654 876 708 suspenderat.

102 709 134 751 Ob
143 709 164 750 id
174 709 221 751 Mac
230 711 291 751 Moris
300 712 328 752 ira
337 713 419 765 percitus
429 711 522 765 anglicas
533 710 620 751 cohortes
628 713 717 762 quatuor,
727 709 819 750 unacum
828 709 877 750 duee

101 765 190 805 Achamo
197 765 221 806 ad
228 766 319 820 oppidum
325 768 401 808 nomine
412 767 541 815 Ardleartam,
548 765 569 806 id
577 768 613 814 est,
623 764 729 804 Tumulum
738 764 876 805 miraculorum

100 820 251 862 circumveniens
261 821 383 868 obtruncat.†
413 822 466 875 llSub
481 822 532 862 hanc
541 820 665 862 victoriarum
674 820 822 873 prosperitatem
836 820 876 860 alea
883 825 931 867 [98]

101 875 175 970 tulpacis
191 875 274 917 foruna
288 877 366 918 alteram
375 878 465 931 paginam
481 877 519 917 cito
529 875 592 926 vertit,
604 874 749 916 Giraldinorum
758 874 875 916 foelicitatem

101 944 125 970 su
139 933 224 971 vertens.

128 985 204 1026 Jaimus
225 985 334 1027 Giraldinus
349 987 423 1028 comitis
432 987 490 1028 frater
506 986 566 1027 veteri
574 985 677 1026 inimicitit
687 984 793 1025 Muscriam
804 984 875 1039 deprae-

101 1040 160 1080 dandi
176 1041 235 1081 causta
252 1042 349 1094 ingressus
359 1056 371 1082 a
380 1041 471 1083 Cormacc
481 1042 526 1082 Mac
537 1041 614 1091 Cartha,
624 1039 717 1081 Tbaddaei
726 1040 773 1090 filio,
784 1039 876 1081 Muscriae

99 1095 187 1148 principe
206 1099 272 1149 captus
291 1099 311 1136 et
330 1097 354 1137 ad
373 1096 450 1150 Anglcs
469 1096 586 1136 Oorcacbam
604 1096 674 1136 missus
689 1098 751 1135 morte
760 1094 875 1149 plectitur.‡

100 1150 157 1190 Alius
165 1150 179 1190 J
179 1151 240 1190 aimus
248 1150 383 1191 Giraldinus'J
383 1151 464 1191 ohannis
480 1151 532 1191 filius
548 1151 629 1199 comitis,
639 1150 737 1204 patruelis,
753 1149 874 1190 aBernardo

99 1204 195 1246 O⁷Briene
204 1206 267 1258 equite
284 1205 362 1255 Ibernio,
382 1205 403 1245 in
422 1205 506 1258 quodam
525 1218 620 1245 concursu
634 1204 749 1258 occiditurq.
779 1204 872 1245 Giraldus

100 1274 163 1300 comes
187 1260 234 1300 Mac
257 1259 333 1300 Carrhae
357 1259 426 1312 Magni
451 1259 534 1300 ditiones
559 1259 660 1299 devastans
688 1272 732 1298 cum
756 1260 874 1300 consedisset

99 1314 199 1355 Achadoae
218 1329 261 1355 cum
281 1314 354 1367 paucis,
372 1314 418 1353 dum
437 1314 479 1367 ejus
497 1313 555 1353 irater
575 1312 674 1353 Johannes
693 1313 812 1354 incursiones
821 1315 873 1364 facit

100 1369 176 1410 Suchus
185 1369 262 1422 Anglus
272 1382 296 1407 ex
305 1368 410 1421 Danguint
420 1367 491 1420 oppido
499 1380 611 1420 progressus
618 1381 661 1406 cum
668 1367 765 1419 equitibus
776 1369 874 1421 sexaginta

99 1427 119 1463 et
128 1424 215 1477 peditum
225 1423 303 1463 cohorte
313 1423 346 1475 qui
362 1421 534 1474 subsequebantur,
544 1422 633 1462 comitem
642 1436 666 1461 ex
675 1422 778 1474 improviso
795 1423 875 1463 circum-

99 1480 152 1518 venit
162 1481 182 1517 et
191 1477 241 1518 aedes
249 1477 348 1517 immuniti
358 1477 424 1529 oppidi
434 1476 559 1525 circumdans,
570 1476 705 1516 Maelmarium
710 1476 756 1517 Mac
767 1476 876 1527 Suinnium,

99 1532 200 1573 tribunum
218 1531 303 1572 militum
317 1530 436 1571 Thaddaeum
452 1531 498 1571 Mac
507 1531 599 1571 Oanlram
609 1531 739 1584 Cosmanguae
750 1532 850 1572 dominum
857 1538 876 1573 et

99 1587 195 1627 Davidem
214 1585 337 1626 Giraldinum
354 1586 438 1638 equitem
456 1586 557 1628 interfecit.
586 1585 632 1639 Ipse
648 1600 711 1627 comes
721 1587 841 1627 semisomnis
855 1588 876 1628 in

99 1641 200 1682 castellum
210 1655 230 1681 se
239 1641 330 1694 recepit,ll
341 1640 394 1681 uude
410 1655 477 1681 rursus
487 1641 600 1695 comparatis
609 1641 684 1681 viribus
693 1655 801 1696 erumpens,
814 1642 875 1683 Sueb-

99 1709 172 1749 umque
191 1700 274 1745 secutus,
285 1696 369 1749 captivas
379 1696 459 1736 feminas
469 1699 488 1736 et
505 1696 565 1750 spolia
573 1695 602 1736 illi
609 1696 682 1736 adimit.
712 1696 750 1737 Sed
759 1698 796 1737 hoc
805 1697 876 1737 vulnus

99 1751 197 1792 Melmarii
205 1750 285 1791 interitu
295 1751 361 1791 comiti
370 1765 462 1804 magnum
472 1754 491 1791 et
500 1750 589 1791 acerbum
598 1751 643 1791 init.
673 1750 733 1791 Haud
743 1752 778 1792 diu
786 1756 831 1805 post
841 1752 854 1792 J
855 1767 874 1792 0-

98 1806 172 1847 lrannes
189 1819 233 1846 cum
243 1805 340 1858 equitibus
349 1809 426 1846 tantum
435 1810 479 1846 octo
488 1807 585 1859 profectus
594 1820 618 1846 ex
627 1806 712 1846 exercitu
731 1807 788 1847 causti
797 1821 875 1860 compo·

99 1862 159 1902 nendi
178 1861 327 1901 controversiam
346 1864 366 1900 et
384 1861 446 1902 rixam
455 1864 517 1901 ortam
525 1862 576 1901 inter
586 1861 680 1914 quosdam
689 1861 777 1902 factionis
787 1876 826 1902 suae
841 1863 875 1915 qui

100 1916 185 1965 aberant,
202 1915 366 1968 Dromplrininum
381 1919 467 1956 montem
485 1916 579 1956 transibat
598 1930 643 1956 cum
659 1920 714 1969 grato
733 1930 811 1970 vespere
829 1923 874 1970 post

99 1971 198 2012 aestuantis
207 1970 293 2010 meridiei
311 1970 448 2024 equitationem
455 1970 479 2011 ad
486 1971 544 2024 pedes
554 1971 652 2011 descendit
662 1970 815 2012 deambulatione
834 1973 874 2012 ani·

99 2039 152 2066 mum
162 2025 281 2066 relaxaturus
290 2024 331 2064 una
347 2039 392 2065 cum
410 2025 525 2065 comitibus:
542 2025 574 2078 qui
583 2026 633 2065 nihil
642 2026 717 2066 adversi
732 2027 822 2066 timentes
836 2027 874 2067 rati

99 2080 166 2133 procul
176 2080 242 2121 abesse
250 2081 327 2120 bostem
336 2079 473 2133 spatiabantur,
492 2080 610 2133 pedissequis
621 2080 735 2121 ducentibus
746 2094 812 2134 equos.
829 2080 873 2122 Cae-

98 2140 161 2176 terum
171 2149 215 2176 cum
232 2135 305 2175 lumina
314 2136 415 2175 vertissent
423 2134 485 2179 haud
494 2136 561 2188 procul
570 2139 712 2189 conspexerunt
726 2136 813 2176 Suchum
828 2150 873 2176 cum

99 2190 196 2243 equitibus
215 2190 315 2243 sexaginta
333 2190 446 2230 venientem.
484 2189 532 2230 Mox
548 2204 615 2230 omnes
637 2190 659 2230 in
683 2204 741 2243 equos
755 2190 873 2232 insiluerunt

98 2249 166 2297 praeter
186 2244 302 2294 Johannem,
323 2245 357 2298 qui
375 2245 420 2285 alias
437 2245 523 2285 omnium
544 2245 675 2294 dexterrimus,
695 2248 740 2294 erat,
756 2245 785 2286 vir
803 2245 872 2298 ingen-

98 2301 123 2339 tis
143 2300 202 2339 animi
221 2303 241 2339 et
261 2299 342 2349 roboris,
361 2300 382 2339 in
400 2299 468 2340 subitis
492 2298 567 2340 casibus
590 2299 704 2353 intrepidusJ
728 2313 779 2354 saepe
803 2301 872 2342 solitus

98 2368 173 2394 summa
187 2354 279 2395 facilitate
296 2355 354 2395 altius
371 2369 418 2408 equo
436 2353 512 2395 assilire.
537 2354 610 2395 Verum
620 2358 662 2395 tum
678 2369 703 2394 ne
719 2355 800 2396 aliorum
814 2356 873 2397 etiarn
909 2363 911 2366 ’

97 2423 135 2463 ope
148 2409 214 2463 potuit
224 2423 294 2463 equum
309 2410 415 2460 ascendere,
433 2408 484 2462 quod
498 2413 517 2449 et
530 2409 594 2462 ipsum
604 2413 671 2463 torpor
679 2409 755 2460 invasit,
769 2413 872 2463 totumque

98 2464 205 2518 occupavit,
216 2467 236 2503 et
245 2478 306 2517 equus
316 2465 401 2518 alioquin
409 2467 520 2504 mansuetus
538 2468 557 2504 et
566 2464 682 2505 domesticus
692 2464 808 2513 calcitrabat,
818 2479 872 2506 nunc

55 2532 56 2535 ’
99 2519 179 2572 priores,
196 2533 249 2559 nuuc
267 2521 382 2572 posteriores
392 2520 448 2573 pedes
458 2518 539 2571 erigens.
567 2519 617 2559 Tum
627 2519 725 2559 Johanues
735 2520 815 2560 comites
825 2520 871 2561 allo-

99 2587 159 2626 quens
177 2576 190 2595 “
200 2573 269 2615 abite⁷’
284 2575 349 2628 inquit
366 2575 465 2616 “feliciter
482 2573 582 2614 tortissimi
598 2574 743 2615 commilitones.
772 2574 816 2627 Ego
831 2590 872 2616 nou

97 2642 177 2681 possum
187 2643 258 2683 equum
275 2630 390 2671 ascendere:
404 2629 477 2671 viribus
493 2628 581 2678 omnibus
589 2643 632 2668 sum
647 2629 757 2670 destitutus.
782 2629 832 2671 Haec
843 2636 872 2672 est

121 2738 128 2754 *
141 2738 164 2771 A.
173 2737 197 2770 D.
210 2737 324 2778 mar-dor,
332 2750 349 2783 p.
358 2737 398 2774 370.
420 2738 471 2771 Four
479 2736 560 2778 Masters,
569 2747 587 2780 p.
597 2735 648 2773 1755.

120 2781 133 2824 †
145 2783 169 2815 A.
177 2782 201 2816 D.
211 2783 358 2828 1581.-÷Oox,p.
367 2783 406 2819 371.
431 2783 481 2816 rom·
490 2781 571 2819 Masters,
577 2781 600 2814 A.
608 2781 631 2814 D.
642 2783 692 2820 1582,
700 2793 729 2826 pp.
741 2782 847 2820 lter-1782.

121 2826 167 2867 ‡A.
177 2826 201 2860 D.
213 2828 339 2862 1580.-Four
348 2826 490 2870 Mastersmrav.
509 2826 553 2859 This
562 2825 637 2859 (lormac
653 2826 696 2859 Mac
709 2827 779 2872 Teigue
793 2840 829 2863 was
841 2829 872 2863 the

100 2874 192 2912 protector
202 2872 223 2906 of
234 2872 339 2918 O’Herlihy,
347 2874 383 2907 and
390 2873 429 2906 rich
436 2871 542 2906 intorseited
549 2870 609 2916 Abbey
618 2871 674 2913 lands,
685 2883 703 2916 p.
712 2873 763 2910 1799.

123 2914 132 2954 ἓ
144 2917 167 2949 A.
177 2916 202 2949 D.
214 2919 341 2952 rasa-Fons
350 2918 433 2958 Masters,
439 2930 457 2963 p.
468 2915 517 2952 1729-

122 2958 127 3000 ΙΙ
141 2961 162 2994 Α.
169 2960 194 2995 D.
204 2963 333 2997 l581.-Four
342 2963 426 3003 Mamers,
435 2975 452 3008 p.
463 2960 512 2998 1757.
