2237 3535
105 387 149 415 onr.
160 373 189 426 1.]
263 387 289 414 un
304 387 427 417 1111101111
442 389 534 425 1111111,
549 387 678 424 romaniae,
695 377 728 415 uo.
851 377 877 414 35

103 484 252 533 machinaturos,
262 488 296 525 aut
305 486 429 538 permissuros
446 490 468 528 ut
485 487 570 536 clientes,
581 485 662 526 obaerati
672 489 691 526 et
701 498 742 525 suae
753 483 822 524 ditioni
832 483 877 524 sub-

101 539 148 593 jecti
167 539 277 580 moliantur.
307 539 360 584 Quin
377 543 435 583 etiarn
451 543 467 583 si
483 555 561 583 necesse
576 540 660 582 habeant
677 539 790 594 sanguinem
805 553 840 592 pro
855 553 877 579 11

103 594 196 634 effusuros
206 598 225 634 et
234 599 316 635 mortem
325 598 450 650 oppetituros,
461 597 558 650 subjectos
575 596 612 637 sihi
621 596 642 636 in
652 595 714 636 officio
724 598 848 635 contenturos
858 598 878 634 et

101 650 194 690 intereos
207 650 302 703 justitiam
317 653 438 694 exercituros.
466 652 517 693 Inde
526 666 538 692 a
547 651 645 692 sacerdote
655 664 730 691 sacrum
747 650 813 690 missae
822 663 877 703 pera-

102 705 155 758 gitur
164 708 184 745 et
193 705 247 758 virga
256 711 376 749 consecratur
391 722 437 762 quae
451 708 472 749 in
487 710 585 761 sceptrum
600 720 652 747 novo
661 705 744 759 principi
752 705 835 746 traditur
844 705 879 757 qui

102 760 160 800 certis
170 763 189 800 et
198 761 297 815 conceptis
305 761 367 803 verbis
384 764 407 804 ab
425 777 447 804 eo
457 764 491 817 qui
509 763 619 816 inaugurat,
629 761 715 815 prolatis,
725 759 756 800 111
765 759 877 801 O’Sulleva-

101 829 146 864 nus,
156 814 187 855 vel
196 814 295 866 O’Rellus,
304 818 334 857 vel
342 818 391 860 alius
401 822 475 860 creatur
489 822 509 860 et
524 818 631 872 appellatur
648 819 668 856 et
684 831 695 857 1
710 814 878 856 circumstantibus

101 870 231 920 renunciatur,
241 885 277 913 nec
287 873 367 927 amplius
383 874 460 928 proprio
469 874 589 928 baptismatis
598 872 678 913 nomine
688 871 737 912 solet
745 870 815 912 vocari.
845 869 878 910 Sic

101 926 194 966 vetustati
212 926 291 980 placuit,
300 942 335 969 nec
349 929 407 970 hodie
422 929 479 970 etiam
490 928 579 983 displicet
593 932 613 969 et
626 927 644 968 si
654 926 779 976 Marchionis,
789 924 877 973 Comitis,

101 980 226 1022 Viceoomitis
236 985 255 1021 11
264 983 344 1024 Batonis
354 984 463 1038 dignitates,
474 999 521 1039 quas
531 984 608 1025 ibernia
618 983 652 1023 diu
662 982 736 1037 respuit
744 981 775 1023 his
785 979 878 1033 antiquis-

101 1035 154 1075 simis
164 1036 225 1077 titulis
234 1038 358 1091 posthabitas,
366 1041 407 1093 jam
417 1040 485 1080 sintin
494 1053 565 1092 magno
574 1054 611 1080 usu
621 1038 727 1080 ethonore.

429 1446 486 1486 CAP.
510 1446 534 1486 V.

181 1575 216 1608 Hic
226 1575 331 1609 lhernorum
339 1574 434 1609 titulorum
442 1585 483 1609 usus
491 1575 539 1619 apud
547 1574 590 1609 alias
598 1579 660 1621 gentes
669 1574 796 1610 vetustissimas

249 1619 302 1654 fuisse
310 1620 403 1665 probatur,
411 1624 491 1654 veterum
500 1621 608 1665 scriptorum
616 1621 730 1655 testimoniis.

102 1739 200 1791 ssPnrsens
211 1740 276 1778 autem
285 1737 317 1778 ille
325 1751 368 1778 mos
377 1738 490 1791 imponendi
501 1739 624 1792 magnatibus
633 1739 713 1779 nomina
723 1737 841 1791 principatus
856 1740 876 1778 et
883 1740 929 1783 [34·]

99 1794 199 1848 dignitatis
215 1793 331 1833 lbernorum
345 1794 435 1847 proprius
450 1809 491 1835 non
507 1798 542 1843 est,
560 1794 594 1835 sed
611 1808 656 1835 cum
671 1793 760 1848 gentibus
770 1793 812 1834 aliis
822 1806 874 1833 oom-

99 1849 169 1890 munis.
198 1848 289 1901 Namque
299 1852 406 1889 exterarum
423 1863 499 1903 quoque
515 1850 604 1903 gentium
620 1863 681 1903 reges,
692 1852 712 1889 et
721 1848 817 1902 principes
826 1863 838 1888 a
847 1849 878 1890 sui

98 1904 159 1957 regni,
178 1903 303 1957 principatus,
322 1902 353 1943 vel
372 1904 447 1957 generis
466 1904 580 1945 authoribus
595 1919 647 1958 saepe
666 1918 737 1945 nomen
756 1907 877 1957 acceperunt.

99 1959 190 2004 Quodnt
199 1959 259 1998 lector
268 1958 347 1998 minime
362 1958 453 2012 ambigat,
470 1974 532 2014 pauca
548 1959 631 2001 breviter
648 1974 672 2000 ex
686 1959 787 2000 vetustatis
796 1959 877 1999 historia

99 2017 146 2055 sunt
156 2012 242 2067 exempla
251 2013 359 2067 repetenda.
387 2013 485 2067 Principio
496 2015 574 2067 quidem
583 2029 644 2068 reges,
655 2018 675 2055 et
688 2014 773 2066 insignes
787 2013 876 2054 homines

99 2069 133 2123 qui
142 2069 235 2123 oppidum
251 2068 323 2108 clarum
338 2068 471 2120 condidenmt,
481 2070 513 2110 vel
529 2070 559 2109 sui
575 2069 659 2110 nominis
675 2072 823 2109 monumentum
832 2068 875 2108 reli-

98 2124 181 2178 querint,
191 2123 301 2164 nominatos
310 2123 370 2164 fuisse
380 2123 480 2175 Saturnos,
489 2124 600 2178 Xenophon
615 2125 637 2165 in
653 2124 758 2177 aequivocis
774 2123 875 2163 memoriae

97 2179 190 2234 prodidit.
219 2178 251 2219 Ita
260 2179 332 2219 Beroso
342 2178 449 2232 Babylonio
458 2180 522 2234 Reges
529 2179 646 2234 Babyloniae,
656 2179 688 2220 111
697 2178 782 2231 Assyriae
796 2178 876 2219 Saturni

98 2234 176 2276 nomine
186 2232 302 2288 gaudebant,
313 2233 461 2285 aNembrotho,
472 2236 506 2289 qui
520 2235 592 2289 primus
608 2234 723 2288 Babyloniae
734 2234 828 2274 Saturnus
844 2233 876 2274 111

97 2305 132 2333 rex
146 2290 211 2330 aNoa
219 2290 323 2343 praefectus
339 2291 434 2344 regnarit.
461 2291 482 2332 Is
497 2291 542 2331 verb
556 2290 690 2331 Nemhrothus
699 2289 758 2343 ipsius
767 2287 821 2329 Noae
830 2303 876 2342 pro-

97 2359 165 2398 nepos,
175 2345 230 2386 Carni
238 2358 305 2398 nepos,
315 2344 376 2385 (111111
383 2345 434 2386 filius
445 2342 477 2395 (ut
487 2361 511 2387 en
519 2345 601 2387 Philone
611 2345 681 2386 Jndaeo
696 2345 717 2385 in
726 2343 875 2397 antiquitatibus

98 2400 190 2444 Bibliacis
199 2399 265 2452 colligi
278 2400 362 2452 videtur)
375 2406 394 2442 et
410 2400 488 2442 Babelis
503 2402 562 2442 turris
572 2400 683 2450 condendae,
693 2399 789 2440 notissimi
803 2399 874 2440 furoris

26 2469 28 2471 ’
98 2455 168 2500 author
176 2455 220 2496 fuit.

123 2510 206 2565 AEgypu
228 2523 305 2563 quoque
327 2524 382 2563 reges
405 2508 514 2551 Pharaones
537 2526 573 2565 pro
597 2511 690 2565 dignitate
714 2507 832 2558 dicebantur,
858 2509 876 2550 si

98 2565 222 2606 Menesthoni
236 2565 330 2619 AEgpptio
341 2564 440 2606 Sacerdoti
452 2566 485 2618 qui
494 2580 561 2606 eorum
577 2566 688 2607 memoriam
702 2564 771 2604 litteris
785 2564 875 2614 sacravit,

98 2625 127 2661 est
137 2621 184 2662 fides
198 2619 292 2670 habenda,
302 2621 377 2661 Pharao
393 2619 467 2674 primus
483 2621 586 2675 AEgyptus,
603 2619 698 2662 secundus
715 2618 816 2673 Merophis
830 2620 875 2661 fuit.

99 2675 154 2720 Quos
164 2680 251 2720 secutum
262 2680 291 2716 est
300 2676 353 2716 aliud
364 2689 432 2729 regum
442 2690 503 2729 genus
513 2681 532 2717 et
541 2691 618 2726 nomen,
628 2675 663 2728 qui
671 2674 739 2714 Lartes
749 2674 874 2724 vocabantur,

23 2742 25 2744 ’
98 2731 156 2771 Zetus
165 2732 244 2786 primus,
256 2730 328 2771 Renses
338 2731 441 2780 secundus,
450 2731 569 2785 Amenophis
578 2731 653 2779 tertius,
663 2729 784 2784 Amenophis
794 2734 874 2784 quartus

98 2786 167 2827 Lartes
175 2786 248 2827 floruit.

126 2840 196 2896 Neque
206 2841 357 2882 Ptolomoeorum
367 2840 449 2895 AEgypti
457 2854 525 2894 regum
534 2838 588 2885 notio
598 2843 627 2879 est
644 2839 732 2892 obscura,
743 2841 777 2894 qui
787 2855 798 2881 a
808 2840 875 2881 Ptolo-

98 2908 147 2937 rnaeo
156 2898 206 2952 Lagi
215 2897 282 2937 militis
291 2897 336 2946 filio,
344 2897 378 2949 qui
385 2901 430 2950 post
436 2896 511 2937 obitum
516 2893 620 2936 Alexandri
627 2896 694 2949 magui
703 2895 790 2949 AEgypto
800 2896 875 2949 potitus

99 2954 134 2999 est,
145 2952 247 2994 derivatur.
278 2952 331 2997 (11111
348 2965 452 2993 memorem
467 2965 505 2993 rem
524 2949 582 3003 lippis
592 2954 611 2991 et
624 2950 737 2993 tonsoribus
752 2951 874 3001 1111111111-
