<?xml version="1.0" encoding="UTF-8"?>
<!DOCTYPE html PUBLIC "-//W3C//DTD XHTML 1.0 Transitional//EN"
    "http://www.w3.org/TR/xhtml1/DTD/xhtml1-transitional.dtd">
<html xmlns="http://www.w3.org/1999/xhtml" xml:lang="en" lang="en">
 <head>
  <title>
</title>
<meta http-equiv="Content-Type" content="text/html;charset=utf-8" />
  <meta name='ocr-system' content='tesseract 3.04.00' />
  <meta name='ocr-capabilities' content='ocr_page ocr_carea ocr_par ocr_line ocrx_word'/>
</head>
<body>
  <div class='ocr_page' id='page_1' title='image "MN42000ucmf_1_0090.png"; bbox 0 0 2237 3535; ppageno 0'>
   <div class='ocr_carea' id='block_1_1' title="bbox 212 386 988 440">
    <p class='ocr_par' dir='ltr' id='par_1_1' title="bbox 212 386 988 440">
     <span class='ocr_line' id='line_1_1' title="bbox 212 386 988 440; baseline -0.006 -11"><span class='ocrx_word' id='word_1_1' title='bbox 212 391 239 429; x_wconf 76' lang='lat' dir='ltr'>ta</span> <span class='ocrx_word' id='word_1_2' title='bbox 361 391 495 432; x_wconf 77' lang='lat' dir='ltr'>o&#39;sunrrvrr&#39;u</span> <span class='ocrx_word' id='word_1_3' title='bbox 510 401 611 430; x_wconf 77' lang='lat' dir='ltr'>ursacium</span> <span class='ocrx_word' id='word_1_4' title='bbox 626 400 751 440; x_wconf 76' lang='lat' dir='ltr'>carnonam,</span> <span class='ocrx_word' id='word_1_5' title='bbox 766 402 808 431; x_wconf 84' lang='lat' dir='ltr'>nou</span> <span class='ocrx_word' id='word_1_6' title='bbox 823 402 837 429; x_wconf 87' lang='lat'>1.</span> <span class='ocrx_word' id='word_1_7' title='bbox 855 390 857 395; x_wconf 88' lang='lat'>&#39;</span> <span class='ocrx_word' id='word_1_8' title='bbox 904 386 948 440; x_wconf 78' lang='lat' dir='ltr'>[ma</span> <span class='ocrx_word' id='word_1_9' title='bbox 958 398 988 425; x_wconf 91' lang='lat' dir='ltr'>1v.</span> 
     </span>
    </p>
   </div>
   <div class='ocr_carea' id='block_1_2' title="bbox 543 620 651 663">
    <p class='ocr_par' dir='ltr' id='par_1_2' title="bbox 543 620 651 663">
     <span class='ocr_line' id='line_1_2' title="bbox 543 620 651 663; baseline -0.037 0"><span class='ocrx_word' id='word_1_10' title='bbox 543 621 600 663; x_wconf 81' lang='lat' dir='ltr'><strong>OAP.</strong></span> <span class='ocrx_word' id='word_1_11' title='bbox 613 620 651 660; x_wconf 82' lang='lat' dir='ltr'>VI.</span> 
     </span>
    </p>
   </div>
   <div class='ocr_carea' id='block_1_3' title="bbox 211 746 987 838">
    <p class='ocr_par' dir='ltr' id='par_1_3' title="bbox 211 746 987 838">
     <span class='ocr_line' id='line_1_3' title="bbox 211 746 987 792; baseline -0.01 -5"><span class='ocrx_word' id='word_1_12' title='bbox 211 755 240 788; x_wconf 92' lang='lat' dir='ltr'>De</span> <span class='ocrx_word' id='word_1_13' title='bbox 256 752 361 786; x_wconf 86' lang='lat' dir='ltr'>celebrando</span> <span class='ocrx_word' id='word_1_14' title='bbox 370 750 452 784; x_wconf 79' lang='lat' dir='ltr'>Redivivi</span> <span class='ocrx_word' id='word_1_15' title='bbox 460 748 533 782; x_wconf 89' lang='lat' dir='ltr'>Domini</span> <span class='ocrx_word' id='word_1_16' title='bbox 542 749 627 782; x_wconf 85' lang='lat' dir='ltr'>Paschate</span> <span class='ocrx_word' id='word_1_17' title='bbox 635 752 654 780; x_wconf 88' lang='lat' dir='ltr'>et</span> <span class='ocrx_word' id='word_1_18' title='bbox 662 746 826 792; x_wconf 80' lang='lat' dir='ltr'>Pelagianahaaresi</span> <span class='ocrx_word' id='word_1_19' title='bbox 836 750 918 784; x_wconf 88' lang='lat' dir='ltr'>doctores</span> <span class='ocrx_word' id='word_1_20' title='bbox 926 747 987 782; x_wconf 85' lang='lat' dir='ltr'>lberni</span> 
     </span>
     <span class='ocr_line' id='line_1_4' title="bbox 448 793 750 838; baseline 0 -11"><span class='ocrx_word' id='word_1_21' title='bbox 448 794 508 827; x_wconf 84' lang='lat' dir='ltr'>sedem</span> <span class='ocrx_word' id='word_1_22' title='bbox 516 793 639 838; x_wconf 84' lang='lat' dir='ltr'>Apostolicam</span> <span class='ocrx_word' id='word_1_23' title='bbox 648 793 750 827; x_wconf 85' lang='lat' dir='ltr'>consulunt.</span> 
     </span>
    </p>
   </div>
   <div class='ocr_carea' id='block_1_4' title="bbox 207 891 987 1718">
    <p class='ocr_par' dir='ltr' id='par_1_4' title="bbox 207 891 987 1718">
     <span class='ocr_line' id='line_1_5' title="bbox 211 891 986 947; baseline -0.001 -12"><span class='ocrx_word' id='word_1_24' title='bbox 211 894 302 939; x_wconf 73' lang='lat' dir='ltr'>Quamne</span> <span class='ocrx_word' id='word_1_25' title='bbox 316 908 360 934; x_wconf 88' lang='lat' dir='ltr'>vero</span> <span class='ocrx_word' id='word_1_26' title='bbox 376 892 463 933; x_wconf 88' lang='lat' dir='ltr'>doctores</span> <span class='ocrx_word' id='word_1_27' title='bbox 480 891 547 931; x_wconf 85' lang='lat' dir='ltr'>Iberni</span> <span class='ocrx_word' id='word_1_28' title='bbox 560 891 584 931; x_wconf 90' lang='lat' dir='ltr'>de</span> <span class='ocrx_word' id='word_1_29' title='bbox 599 891 690 945; x_wconf 83' lang='lat' dir='ltr'>gravibus</span> <span class='ocrx_word' id='word_1_30' title='bbox 703 891 748 932; x_wconf 83' lang='lat' dir='ltr'>fidei</span> <span class='ocrx_word' id='word_1_31' title='bbox 762 896 897 947; x_wconf 86' lang='lat' dir='ltr'>questionibus</span> <span class='ocrx_word' id='word_1_32' title='bbox 906 895 986 936; x_wconf 89' lang='lat' dir='ltr'>minime</span> 
     </span>
     <span class='ocr_line' id='line_1_6' title="bbox 210 946 987 1000; baseline -0.001 -10"><span class='ocrx_word' id='word_1_33' title='bbox 210 948 361 997; x_wconf 85' lang='lat' dir='ltr'>consentiebant,</span> <span class='ocrx_word' id='word_1_34' title='bbox 376 947 407 988; x_wconf 89' lang='lat' dir='ltr'>vel</span> <span class='ocrx_word' id='word_1_35' title='bbox 416 946 489 1000; x_wconf 80' lang='lat' dir='ltr'>aliquid</span> <span class='ocrx_word' id='word_1_36' title='bbox 499 947 545 987; x_wconf 91' lang='lat' dir='ltr'>novi</span> <span class='ocrx_word' id='word_1_37' title='bbox 555 946 650 1000; x_wconf 82' lang='lat' dir='ltr'>dogmatis</span> <span class='ocrx_word' id='word_1_38' title='bbox 660 961 739 1000; x_wconf 82' lang='lat' dir='ltr'>peregre</span> <span class='ocrx_word' id='word_1_39' title='bbox 747 948 800 990; x_wconf 90' lang='lat' dir='ltr'>allati</span> <span class='ocrx_word' id='word_1_40' title='bbox 814 951 923 1000; x_wconf 74' lang='lat' dir='ltr'>audiebant,</span> <span class='ocrx_word' id='word_1_41' title='bbox 934 950 987 991; x_wconf 85' lang='lat' dir='ltr'>soliti</span> 
     </span>
     <span class='ocr_line' id='line_1_7' title="bbox 210 1001 986 1059; baseline 0.003 -15"><span class='ocrx_word' id='word_1_42' title='bbox 210 1008 264 1044; x_wconf 89' lang='lat' dir='ltr'>erant</span> <span class='ocrx_word' id='word_1_43' title='bbox 273 1004 383 1043; x_wconf 82' lang='lat' dir='ltr'>Romanum</span> <span class='ocrx_word' id='word_1_44' title='bbox 396 1002 511 1042; x_wconf 85' lang='lat' dir='ltr'>Pontificem</span> <span class='ocrx_word' id='word_1_45' title='bbox 525 1002 610 1042; x_wconf 88' lang='lat' dir='ltr'>veritatis</span> <span class='ocrx_word' id='word_1_46' title='bbox 623 1001 723 1042; x_wconf 87' lang='lat' dir='ltr'>oraculum</span> <span class='ocrx_word' id='word_1_47' title='bbox 733 1005 838 1046; x_wconf 86' lang='lat' dir='ltr'>consulere.</span> <span class='ocrx_word' id='word_1_48' title='bbox 867 1006 933 1046; x_wconf 81' lang='lat' dir='ltr'>Refert</span> <span class='ocrx_word' id='word_1_49' title='bbox 944 1005 986 1059; x_wconf 88' lang='lat' dir='ltr'>qui-</span> 
     </span>
     <span class='ocr_line' id='line_1_8' title="bbox 210 1056 986 1110; baseline 0.003 -11"><span class='ocrx_word' id='word_1_50' title='bbox 210 1059 254 1099; x_wconf 90' lang='lat' dir='ltr'>dem</span> <span class='ocrx_word' id='word_1_51' title='bbox 263 1058 376 1099; x_wconf 87' lang='lat' dir='ltr'>venerabilis</span> <span class='ocrx_word' id='word_1_52' title='bbox 382 1057 437 1098; x_wconf 83' lang='lat' dir='ltr'>Beda</span> <span class='ocrx_word' id='word_1_53' title='bbox 446 1057 476 1097; x_wconf 90' lang='lat' dir='ltr'>vir</span> <span class='ocrx_word' id='word_1_54' title='bbox 484 1071 560 1110; x_wconf 84' lang='lat' dir='ltr'>magnae</span> <span class='ocrx_word' id='word_1_55' title='bbox 567 1056 612 1097; x_wconf 88' lang='lat' dir='ltr'>fidei</span> <span class='ocrx_word' id='word_1_56' title='bbox 618 1060 638 1096; x_wconf 87' lang='lat' dir='ltr'>et</span> <span class='ocrx_word' id='word_1_57' title='bbox 647 1057 776 1107; x_wconf 88' lang='lat' dir='ltr'>authoritatis,</span> <span class='ocrx_word' id='word_1_58' title='bbox 787 1074 854 1100; x_wconf 90' lang='lat' dir='ltr'>eorum</span> <span class='ocrx_word' id='word_1_59' title='bbox 870 1061 942 1101; x_wconf 89' lang='lat' dir='ltr'>multos</span> <span class='ocrx_word' id='word_1_60' title='bbox 952 1060 986 1101; x_wconf 84' lang='lat' dir='ltr'>ali-</span> 
     </span>
     <span class='ocr_line' id='line_1_9' title="bbox 209 1112 985 1167; baseline 0.004 -14"><span class='ocrx_word' id='word_1_61' title='bbox 209 1113 296 1167; x_wconf 80' lang='lat' dir='ltr'>quandiu</span> <span class='ocrx_word' id='word_1_62' title='bbox 302 1113 397 1154; x_wconf 86' lang='lat' dir='ltr'>laborasse</span> <span class='ocrx_word' id='word_1_63' title='bbox 406 1112 516 1166; x_wconf 77' lang='lat' dir='ltr'>ignorantia</span> <span class='ocrx_word' id='word_1_64' title='bbox 525 1112 616 1165; x_wconf 86' lang='lat' dir='ltr'>temporis</span> <span class='ocrx_word' id='word_1_65' title='bbox 631 1112 740 1152; x_wconf 88' lang='lat' dir='ltr'>celebrandi</span> <span class='ocrx_word' id='word_1_66' title='bbox 749 1112 873 1155; x_wconf 85' lang='lat' dir='ltr'>Dominicam</span> <span class='ocrx_word' id='word_1_67' title='bbox 882 1115 985 1156; x_wconf 86' lang='lat' dir='ltr'>Resurrec-</span> 
     </span>
     <span class='ocr_line' id='line_1_10' title="bbox 208 1167 986 1221; baseline 0.004 -13"><span class='ocrx_word' id='word_1_68' title='bbox 208 1169 287 1217; x_wconf 86' lang='lat' dir='ltr'>tionem,</span> <span class='ocrx_word' id='word_1_69' title='bbox 301 1168 450 1221; x_wconf 79' lang='lat' dir='ltr'>conferendique</span> <span class='ocrx_word' id='word_1_70' title='bbox 459 1168 541 1220; x_wconf 88' lang='lat' dir='ltr'>primam</span> <span class='ocrx_word' id='word_1_71' title='bbox 549 1171 655 1207; x_wconf 89' lang='lat' dir='ltr'>tonsuram.</span> <span class='ocrx_word' id='word_1_72' title='bbox 667 1171 686 1207; x_wconf 88' lang='lat' dir='ltr'>et</span> <span class='ocrx_word' id='word_1_73' title='bbox 695 1167 731 1208; x_wconf 85' lang='lat' dir='ltr'>hac</span> <span class='ocrx_word' id='word_1_74' title='bbox 743 1168 767 1208; x_wconf 91' lang='lat' dir='ltr'>de</span> <span class='ocrx_word' id='word_1_75' title='bbox 776 1183 796 1209; x_wconf 92' lang='lat' dir='ltr'>re</span> <span class='ocrx_word' id='word_1_76' title='bbox 804 1170 877 1210; x_wconf 87' lang='lat' dir='ltr'>litteras</span> <span class='ocrx_word' id='word_1_77' title='bbox 887 1170 947 1211; x_wconf 79' lang='lat' dir='ltr'>fuisse</span> <span class='ocrx_word' id='word_1_78' title='bbox 962 1171 986 1210; x_wconf 90' lang='lat' dir='ltr'>ad</span> 
     </span>
     <span class='ocr_line' id='line_1_11' title="bbox 207 1222 986 1278; baseline 0.003 -15"><span class='ocrx_word' id='word_1_79' title='bbox 207 1223 251 1263; x_wconf 89' lang='lat' dir='ltr'>illos</span> <span class='ocrx_word' id='word_1_80' title='bbox 258 1224 326 1264; x_wconf 82' lang='lat' dir='ltr'>missas</span> <span class='ocrx_word' id='word_1_81' title='bbox 342 1223 366 1264; x_wconf 90' lang='lat' dir='ltr'>ab</span> <span class='ocrx_word' id='word_1_82' title='bbox 384 1223 473 1263; x_wconf 78' lang='lat' dir='ltr'>Honorio</span> <span class='ocrx_word' id='word_1_83' title='bbox 487 1222 675 1263; x_wconf 81' lang='lat' dir='ltr'>Pontificemaximo</span> <span class='ocrx_word' id='word_1_84' title='bbox 690 1226 709 1262; x_wconf 89' lang='lat' dir='ltr'>et</span> <span class='ocrx_word' id='word_1_85' title='bbox 727 1222 750 1263; x_wconf 93' lang='lat' dir='ltr'>de</span> <span class='ocrx_word' id='word_1_86' title='bbox 760 1224 833 1273; x_wconf 88' lang='lat' dir='ltr'>eadem,</span> <span class='ocrx_word' id='word_1_87' title='bbox 842 1224 986 1278; x_wconf 86' lang='lat' dir='ltr'>Pelagianaque</span> 
     </span>
     <span class='ocr_line' id='line_1_12' title="bbox 207 1277 985 1331; baseline 0.001 -12"><span class='ocrx_word' id='word_1_88' title='bbox 207 1278 275 1319; x_wconf 84' lang='lat' dir='ltr'>haeresi</span> <span class='ocrx_word' id='word_1_89' title='bbox 284 1279 369 1319; x_wconf 87' lang='lat' dir='ltr'>cavenda</span> <span class='ocrx_word' id='word_1_90' title='bbox 378 1278 472 1331; x_wconf 87' lang='lat' dir='ltr'>scriptum</span> <span class='ocrx_word' id='word_1_91' title='bbox 481 1277 588 1318; x_wconf 85' lang='lat' dir='ltr'>aJohanne</span> <span class='ocrx_word' id='word_1_92' title='bbox 594 1277 653 1331; x_wconf 85' lang='lat' dir='ltr'>Papa,</span> <span class='ocrx_word' id='word_1_93' title='bbox 662 1277 696 1331; x_wconf 87' lang='lat' dir='ltr'>qui</span> <span class='ocrx_word' id='word_1_94' title='bbox 709 1277 800 1319; x_wconf 83' lang='lat' dir='ltr'>Severino</span> <span class='ocrx_word' id='word_1_95' title='bbox 811 1279 895 1319; x_wconf 85' lang='lat' dir='ltr'>Honorii</span> <span class='ocrx_word' id='word_1_96' title='bbox 910 1294 985 1320; x_wconf 87' lang='lat' dir='ltr'>succes-</span> 
     </span>
     <span class='ocr_line' id='line_1_13' title="bbox 207 1333 984 1388; baseline 0.001 -14"><span class='ocrx_word' id='word_1_97' title='bbox 207 1334 246 1374; x_wconf 89' lang='lat' dir='ltr'>sori</span> <span class='ocrx_word' id='word_1_98' title='bbox 263 1334 361 1375; x_wconf 90' lang='lat' dir='ltr'>successit.</span> <span class='ocrx_word' id='word_1_99' title='bbox 391 1333 429 1374; x_wconf 84' lang='lat' dir='ltr'>Sed</span> <span class='ocrx_word' id='word_1_100' title='bbox 445 1334 482 1373; x_wconf 85' lang='lat' dir='ltr'>lroe</span> <span class='ocrx_word' id='word_1_101' title='bbox 499 1347 575 1386; x_wconf 90' lang='lat' dir='ltr'>quoque</span> <span class='ocrx_word' id='word_1_102' title='bbox 588 1333 709 1386; x_wconf 88' lang='lat' dir='ltr'>propositum</span> <span class='ocrx_word' id='word_1_103' title='bbox 725 1338 813 1375; x_wconf 89' lang='lat' dir='ltr'>nostrum</span> <span class='ocrx_word' id='word_1_104' title='bbox 823 1334 898 1388; x_wconf 82' lang='lat' dir='ltr'>plenius</span> <span class='ocrx_word' id='word_1_105' title='bbox 908 1334 984 1388; x_wconf 87' lang='lat' dir='ltr'>probat.</span> 
     </span>
     <span class='ocr_line' id='line_1_14' title="bbox 207 1388 985 1443; baseline 0.001 -14"><span class='ocrx_word' id='word_1_106' title='bbox 207 1389 298 1442; x_wconf 79' lang='lat' dir='ltr'>Namque</span> <span class='ocrx_word' id='word_1_107' title='bbox 315 1389 339 1429; x_wconf 94' lang='lat' dir='ltr'>de</span> <span class='ocrx_word' id='word_1_108' title='bbox 355 1393 441 1443; x_wconf 89' lang='lat' dir='ltr'>tempore</span> <span class='ocrx_word' id='word_1_109' title='bbox 458 1388 528 1442; x_wconf 84' lang='lat' dir='ltr'>agendi</span> <span class='ocrx_word' id='word_1_110' title='bbox 542 1388 642 1428; x_wconf 88' lang='lat' dir='ltr'>Paschatis</span> <span class='ocrx_word' id='word_1_111' title='bbox 652 1388 744 1428; x_wconf 88' lang='lat' dir='ltr'>solemnia</span> <span class='ocrx_word' id='word_1_112' title='bbox 755 1388 787 1440; x_wconf 82' lang='lat' dir='ltr'>(de</span> <span class='ocrx_word' id='word_1_113' title='bbox 801 1404 839 1443; x_wconf 92' lang='lat' dir='ltr'>qno</span> <span class='ocrx_word' id='word_1_114' title='bbox 849 1390 891 1430; x_wconf 84' lang='lat' dir='ltr'>aliae</span> <span class='ocrx_word' id='word_1_115' title='bbox 908 1404 985 1443; x_wconf 89' lang='lat' dir='ltr'>quoque</span> 
     </span>
     <span class='ocr_line' id='line_1_15' title="bbox 208 1442 985 1497; baseline 0.001 -13"><span class='ocrx_word' id='word_1_116' title='bbox 208 1448 276 1497; x_wconf 77' lang='lat' dir='ltr'>gentes</span> <span class='ocrx_word' id='word_1_117' title='bbox 291 1443 396 1485; x_wconf 81' lang='lat' dir='ltr'>Catholicae</span> <span class='ocrx_word' id='word_1_118' title='bbox 411 1457 461 1497; x_wconf 89' lang='lat' dir='ltr'>saepe</span> <span class='ocrx_word' id='word_1_119' title='bbox 471 1443 600 1496; x_wconf 89' lang='lat' dir='ltr'>ambigerunt)</span> <span class='ocrx_word' id='word_1_120' title='bbox 617 1446 636 1482; x_wconf 92' lang='lat' dir='ltr'>et</span> <span class='ocrx_word' id='word_1_121' title='bbox 646 1442 670 1483; x_wconf 91' lang='lat' dir='ltr'>de</span> <span class='ocrx_word' id='word_1_122' title='bbox 680 1443 783 1496; x_wconf 87' lang='lat' dir='ltr'>Pelagiana</span> <span class='ocrx_word' id='word_1_123' title='bbox 792 1445 859 1485; x_wconf 72' lang='lat' dir='ltr'>haeresi</span> <span class='ocrx_word' id='word_1_124' title='bbox 873 1444 907 1485; x_wconf 85' lang='lat' dir='ltr'>ubi</span> <span class='ocrx_word' id='word_1_125' title='bbox 916 1446 954 1485; x_wconf 82' lang='lat' dir='ltr'>luit</span> <span class='ocrx_word' id='word_1_126' title='bbox 964 1446 985 1485; x_wconf 90' lang='lat' dir='ltr'>in</span> 
     </span>
     <span class='ocr_line' id='line_1_16' title="bbox 209 1498 985 1554; baseline 0.001 -15"><span class='ocrx_word' id='word_1_127' title='bbox 209 1499 335 1552; x_wconf 85' lang='lat' dir='ltr'>questionem,</span> <span class='ocrx_word' id='word_1_128' title='bbox 346 1499 533 1552; x_wconf 82' lang='lat' dir='ltr'>disputationemque</span> <span class='ocrx_word' id='word_1_129' title='bbox 543 1498 631 1547; x_wconf 87' lang='lat' dir='ltr'>deducta,</span> <span class='ocrx_word' id='word_1_130' title='bbox 645 1498 732 1539; x_wconf 89' lang='lat' dir='ltr'>doctores</span> <span class='ocrx_word' id='word_1_131' title='bbox 738 1498 805 1540; x_wconf 85' lang='lat' dir='ltr'>Iberni</span> <span class='ocrx_word' id='word_1_132' title='bbox 815 1500 838 1540; x_wconf 91' lang='lat' dir='ltr'>ad</span> <span class='ocrx_word' id='word_1_133' title='bbox 848 1499 912 1540; x_wconf 86' lang='lat' dir='ltr'>sedem</span> <span class='ocrx_word' id='word_1_134' title='bbox 922 1501 985 1554; x_wconf 88' lang='lat' dir='ltr'>Apos-</span> 
     </span>
     <span class='ocr_line' id='line_1_17' title="bbox 208 1553 984 1609; baseline 0.001 -15"><span class='ocrx_word' id='word_1_135' title='bbox 208 1554 286 1594; x_wconf 84' lang='lat' dir='ltr'>tolicam</span> <span class='ocrx_word' id='word_1_136' title='bbox 293 1554 407 1594; x_wconf 87' lang='lat' dir='ltr'>retulerunt.</span> <span class='ocrx_word' id='word_1_137' title='bbox 436 1554 466 1593; x_wconf 83' lang='lat' dir='ltr'>Ac</span> <span class='ocrx_word' id='word_1_138' title='bbox 476 1554 504 1593; x_wconf 87' lang='lat' dir='ltr'>ita</span> <span class='ocrx_word' id='word_1_139' title='bbox 513 1553 577 1593; x_wconf 88' lang='lat' dir='ltr'>miseri</span> <span class='ocrx_word' id='word_1_140' title='bbox 590 1553 665 1606; x_wconf 75' lang='lat' dir='ltr'>Pelagii</span> <span class='ocrx_word' id='word_1_141' title='bbox 680 1568 731 1593; x_wconf 89' lang='lat' dir='ltr'>error</span> <span class='ocrx_word' id='word_1_142' title='bbox 738 1554 814 1595; x_wconf 89' lang='lat' dir='ltr'>nullum</span> <span class='ocrx_word' id='word_1_143' title='bbox 832 1555 854 1595; x_wconf 87' lang='lat' dir='ltr'>in</span> <span class='ocrx_word' id='word_1_144' title='bbox 863 1554 941 1595; x_wconf 80' lang='lat' dir='ltr'>Ibernio</span> <span class='ocrx_word' id='word_1_145' title='bbox 951 1570 984 1609; x_wconf 91' lang='lat' dir='ltr'>pa-</span> 
     </span>
     <span class='ocr_line' id='line_1_18' title="bbox 208 1608 985 1660; baseline 0 -11"><span class='ocrx_word' id='word_1_146' title='bbox 208 1613 286 1649; x_wconf 90' lang='lat' dir='ltr'>tronum</span> <span class='ocrx_word' id='word_1_147' title='bbox 296 1609 327 1649; x_wconf 92' lang='lat' dir='ltr'>vel</span> <span class='ocrx_word' id='word_1_148' title='bbox 341 1613 454 1649; x_wconf 82' lang='lat' dir='ltr'>assertorem</span> <span class='ocrx_word' id='word_1_149' title='bbox 462 1609 558 1648; x_wconf 89' lang='lat' dir='ltr'>invenisse</span> <span class='ocrx_word' id='word_1_150' title='bbox 565 1608 631 1658; x_wconf 80' lang='lat' dir='ltr'>fertur,</span> <span class='ocrx_word' id='word_1_151' title='bbox 642 1608 673 1648; x_wconf 90' lang='lat' dir='ltr'>vel</span> <span class='ocrx_word' id='word_1_152' title='bbox 681 1608 750 1648; x_wconf 88' lang='lat' dir='ltr'>insulae</span> <span class='ocrx_word' id='word_1_153' title='bbox 759 1609 814 1650; x_wconf 89' lang='lat' dir='ltr'>aditu</span> <span class='ocrx_word' id='word_1_154' title='bbox 822 1609 944 1660; x_wconf 79' lang='lat' dir='ltr'>interclusus,</span> <span class='ocrx_word' id='word_1_155' title='bbox 954 1610 985 1651; x_wconf 90' lang='lat' dir='ltr'>vel</span> 
     </span>
     <span class='ocr_line' id='line_1_19' title="bbox 208 1661 985 1718; baseline 0.001 -14"><span class='ocrx_word' id='word_1_156' title='bbox 208 1663 232 1704; x_wconf 92' lang='lat' dir='ltr'>ab</span> <span class='ocrx_word' id='word_1_157' title='bbox 252 1678 273 1703; x_wconf 87' lang='lat' dir='ltr'>ea</span> <span class='ocrx_word' id='word_1_158' title='bbox 292 1664 380 1716; x_wconf 87' lang='lat' dir='ltr'>protinus</span> <span class='ocrx_word' id='word_1_159' title='bbox 396 1664 492 1717; x_wconf 74' lang='lat' dir='ltr'>explosus,</span> <span class='ocrx_word' id='word_1_160' title='bbox 502 1661 536 1703; x_wconf 89' lang='lat' dir='ltr'>ubi</span> <span class='ocrx_word' id='word_1_161' title='bbox 546 1663 677 1716; x_wconf 85' lang='lat' dir='ltr'>contagiosam</span> <span class='ocrx_word' id='word_1_162' title='bbox 686 1664 753 1704; x_wconf 82' lang='lat' dir='ltr'>faciem</span> <span class='ocrx_word' id='word_1_163' title='bbox 763 1664 842 1717; x_wconf 88' lang='lat' dir='ltr'>aperuit,</span> <span class='ocrx_word' id='word_1_164' title='bbox 851 1679 929 1717; x_wconf 88' lang='lat' dir='ltr'>seseque</span> <span class='ocrx_word' id='word_1_165' title='bbox 939 1679 985 1718; x_wconf 84' lang='lat' dir='ltr'>cog-</span> 
     </span>
    </p>
   </div>
   <div class='ocr_carea' id='block_1_5' title="bbox 207 1718 1013 1772">
    <p class='ocr_par' dir='ltr' id='par_1_5' title="bbox 207 1718 1013 1772">
     <span class='ocr_line' id='line_1_20' title="bbox 207 1718 1013 1772; baseline 0.002 -14"><span class='ocrx_word' id='word_1_166' title='bbox 207 1718 323 1759; x_wconf 86' lang='lat' dir='ltr'>noscendam</span> <span class='ocrx_word' id='word_1_167' title='bbox 330 1719 424 1772; x_wconf 85' lang='lat' dir='ltr'>praebuit:</span> <span class='ocrx_word' id='word_1_168' title='bbox 436 1722 455 1758; x_wconf 90' lang='lat' dir='ltr'>et</span> <span class='ocrx_word' id='word_1_169' title='bbox 464 1719 513 1758; x_wconf 87' lang='lat' dir='ltr'>ratio</span> <span class='ocrx_word' id='word_1_170' title='bbox 524 1719 631 1758; x_wconf 85' lang='lat' dir='ltr'>communis</span> <span class='ocrx_word' id='word_1_171' title='bbox 642 1722 661 1758; x_wconf 86' lang='lat' dir='ltr'>et</span> <span class='ocrx_word' id='word_1_172' title='bbox 674 1718 697 1758; x_wconf 87' lang='lat' dir='ltr'>ab</span> <span class='ocrx_word' id='word_1_173' title='bbox 708 1719 787 1759; x_wconf 86' lang='lat' dir='ltr'>ecclesia</span> <span class='ocrx_word' id='word_1_174' title='bbox 796 1720 866 1760; x_wconf 85' lang='lat' dir='ltr'>usitata</span> <span class='ocrx_word' id='word_1_175' title='bbox 876 1719 985 1761; x_wconf 88' lang='lat' dir='ltr'>celebrandi</span> <span class='ocrx_word' id='word_1_176' title='bbox 1012 1762 1013 1765; x_wconf 58' lang='grc'>,</span> 
     </span>
    </p>
   </div>
   <div class='ocr_carea' id='block_1_6' title="bbox 201 1772 985 3040">
    <p class='ocr_par' dir='ltr' id='par_1_6' title="bbox 207 1772 985 2047">
     <span class='ocr_line' id='line_1_21' title="bbox 207 1772 985 1828; baseline 0.001 -14"><span class='ocrx_word' id='word_1_177' title='bbox 207 1773 457 1814; x_wconf 83' lang='lat' dir='ltr'>BediviviDorninii&#39;estum</span> <span class='ocrx_word' id='word_1_178' title='bbox 464 1772 488 1813; x_wconf 83' lang='lat' dir='ltr'>ab</span> <span class='ocrx_word' id='word_1_179' title='bbox 499 1773 614 1813; x_wconf 81' lang='lat' dir='ltr'>australibus</span> <span class='ocrx_word' id='word_1_180' title='bbox 624 1773 700 1813; x_wconf 87' lang='lat' dir='ltr'>Iberuis</span> <span class='ocrx_word' id='word_1_181' title='bbox 709 1773 747 1813; x_wconf 86' lang='lat' dir='ltr'>suit</span> <span class='ocrx_word' id='word_1_182' title='bbox 756 1788 830 1828; x_wconf 87' lang='lat' dir='ltr'>semper</span> <span class='ocrx_word' id='word_1_183' title='bbox 839 1774 949 1815; x_wconf 89' lang='lat' dir='ltr'>observata:</span> <span class='ocrx_word' id='word_1_184' title='bbox 966 1779 985 1815; x_wconf 91' lang='lat' dir='ltr'>et</span> 
     </span>
     <span class='ocr_line' id='line_1_22' title="bbox 208 1827 984 1882; baseline 0.001 -13"><span class='ocrx_word' id='word_1_185' title='bbox 208 1844 219 1869; x_wconf 91' lang='lat' dir='ltr'>a</span> <span class='ocrx_word' id='word_1_186' title='bbox 229 1829 409 1882; x_wconf 86' lang='lat' dir='ltr'>septentrionalibus</span> <span class='ocrx_word' id='word_1_187' title='bbox 417 1842 494 1882; x_wconf 89' lang='lat' dir='ltr'>quoque</span> <span class='ocrx_word' id='word_1_188' title='bbox 504 1833 523 1868; x_wconf 88' lang='lat' dir='ltr'>et</span> <span class='ocrx_word' id='word_1_189' title='bbox 532 1828 592 1868; x_wconf 88' lang='lat' dir='ltr'>Pictis</span> <span class='ocrx_word' id='word_1_190' title='bbox 600 1831 620 1868; x_wconf 91' lang='lat' dir='ltr'>et</span> <span class='ocrx_word' id='word_1_191' title='bbox 628 1827 749 1878; x_wconf 67' lang='lat' dir='ltr'>Beronibus,</span> <span class='ocrx_word' id='word_1_192' title='bbox 760 1830 794 1881; x_wconf 87' lang='lat' dir='ltr'>qui</span> <span class='ocrx_word' id='word_1_193' title='bbox 804 1829 913 1870; x_wconf 89' lang='lat' dir='ltr'>doctoribus</span> <span class='ocrx_word' id='word_1_194' title='bbox 929 1830 984 1871; x_wconf 89' lang='lat' dir='ltr'>Iber-</span> 
     </span>
     <span class='ocr_line' id='line_1_23' title="bbox 208 1882 983 1938; baseline 0.003 -15"><span class='ocrx_word' id='word_1_195' title='bbox 208 1884 299 1924; x_wconf 88' lang='lat' dir='ltr'>nisfidem</span> <span class='ocrx_word' id='word_1_196' title='bbox 305 1887 424 1938; x_wconf 83' lang='lat' dir='ltr'>acceperunt,</span> <span class='ocrx_word' id='word_1_197' title='bbox 433 1883 526 1937; x_wconf 80' lang='lat' dir='ltr'>amplexa,</span> <span class='ocrx_word' id='word_1_198' title='bbox 530 1882 564 1923; x_wconf 92' lang='lat' dir='ltr'>ubi</span> <span class='ocrx_word' id='word_1_199' title='bbox 571 1882 663 1923; x_wconf 79' lang='lat' dir='ltr'>Ecclesiae</span> <span class='ocrx_word' id='word_1_200' title='bbox 673 1883 765 1924; x_wconf 81' lang='lat' dir='ltr'>Romanae</span> <span class='ocrx_word' id='word_1_201' title='bbox 774 1885 834 1925; x_wconf 87' lang='lat' dir='ltr'>ritum</span> <span class='ocrx_word' id='word_1_202' title='bbox 843 1890 983 1938; x_wconf 86' lang='lat' dir='ltr'>cognoverunt.</span> 
     </span>
     <span class='ocr_line' id='line_1_24' title="bbox 210 1938 983 1994; baseline 0.003 -15"><span class='ocrx_word' id='word_1_203' title='bbox 210 1938 268 1983; x_wconf 73' lang='lat' dir='ltr'>Quod</span> <span class='ocrx_word' id='word_1_204' title='bbox 277 1953 302 1979; x_wconf 83' lang='lat' dir='ltr'>ex</span> <span class='ocrx_word' id='word_1_205' title='bbox 310 1939 467 1994; x_wconf 79' lang='lat' dir='ltr'>Apostolicorum</span> <span class='ocrx_word' id='word_1_206' title='bbox 480 1938 586 1979; x_wconf 87' lang='lat' dir='ltr'>litterarum</span> <span class='ocrx_word' id='word_1_207' title='bbox 598 1938 671 1991; x_wconf 88' lang='lat' dir='ltr'>duplici</span> <span class='ocrx_word' id='word_1_208' title='bbox 679 1939 757 1993; x_wconf 90' lang='lat' dir='ltr'>capitea</span> <span class='ocrx_word' id='word_1_209' title='bbox 767 1939 821 1981; x_wconf 88' lang='lat' dir='ltr'>Beda</span> <span class='ocrx_word' id='word_1_210' title='bbox 829 1940 889 1980; x_wconf 86' lang='lat' dir='ltr'>relato</span> <span class='ocrx_word' id='word_1_211' title='bbox 899 1955 939 1981; x_wconf 87' lang='lat' dir='ltr'>non</span> <span class='ocrx_word' id='word_1_212' title='bbox 949 1940 983 1981; x_wconf 93' lang='lat' dir='ltr'>ob-</span> 
     </span>
     <span class='ocr_line' id='line_1_25' title="bbox 210 1993 628 2047; baseline -0.002 -13"><span class='ocrx_word' id='word_1_213' title='bbox 210 2008 264 2035; x_wconf 91' lang='lat' dir='ltr'>scure</span> <span class='ocrx_word' id='word_1_214' title='bbox 271 1998 353 2035; x_wconf 87' lang='lat' dir='ltr'>constat.</span> <span class='ocrx_word' id='word_1_215' title='bbox 382 1994 414 2035; x_wconf 85' lang='lat' dir='ltr'>Ita</span> <span class='ocrx_word' id='word_1_216' title='bbox 423 1994 508 2047; x_wconf 89' lang='lat' dir='ltr'>primum</span> <span class='ocrx_word' id='word_1_217' title='bbox 516 2008 535 2033; x_wconf 90' lang='lat' dir='ltr'>se</span> <span class='ocrx_word' id='word_1_218' title='bbox 541 2027 542 2030; x_wconf 65' lang='grc'>,</span> <span class='ocrx_word' id='word_1_219' title='bbox 549 1993 628 2033; x_wconf 55' lang='lat' dir='ltr'>habet?</span> 
     </span>
    </p>

    <p class='ocr_par' dir='ltr' id='par_1_7' title="bbox 208 2048 984 2433">
     <span class='ocr_line' id='line_1_26' title="bbox 238 2048 982 2100; baseline 0 -10"><span class='ocrx_word' id='word_1_220' title='bbox 238 2049 393 2090; x_wconf 77' lang='lat' dir='ltr'>“Dilectissimis</span> <span class='ocrx_word' id='word_1_221' title='bbox 410 2053 429 2089; x_wconf 90' lang='lat' dir='ltr'>et</span> <span class='ocrx_word' id='word_1_222' title='bbox 449 2049 573 2089; x_wconf 82' lang='lat' dir='ltr'>sanctissimis</span> <span class='ocrx_word' id='word_1_223' title='bbox 589 2048 703 2098; x_wconf 81' lang='lat' dir='ltr'>Thomiano,</span> <span class='ocrx_word' id='word_1_224' title='bbox 719 2048 846 2100; x_wconf 81' lang='lat' dir='ltr'>Columbano,</span> <span class='ocrx_word' id='word_1_225' title='bbox 866 2050 982 2099; x_wconf 82' lang='lat' dir='ltr'>Obromano,</span> 
     </span>
     <span class='ocr_line' id='line_1_27' title="bbox 209 2103 983 2159; baseline 0 -14"><span class='ocrx_word' id='word_1_226' title='bbox 209 2105 301 2154; x_wconf 85' lang='lat' dir='ltr'>Dimano,</span> <span class='ocrx_word' id='word_1_227' title='bbox 318 2110 338 2146; x_wconf 90' lang='lat' dir='ltr'>et</span> <span class='ocrx_word' id='word_1_228' title='bbox 353 2105 442 2145; x_wconf 79' lang='lat' dir='ltr'>Bethana</span> <span class='ocrx_word' id='word_1_229' title='bbox 456 2104 573 2158; x_wconf 72' lang='lat' dir='ltr'>Episcopis5</span> <span class='ocrx_word' id='word_1_230' title='bbox 588 2104 703 2153; x_wconf 80' lang='lat' dir='ltr'>Ohromano,</span> <span class='ocrx_word' id='word_1_231' title='bbox 715 2103 857 2159; x_wconf 89' lang='lat' dir='ltr'>Hermancque,</span> <span class='ocrx_word' id='word_1_232' title='bbox 868 2105 983 2154; x_wconf 88' lang='lat' dir='ltr'>Laustrano,</span> 
     </span>
     <span class='ocr_line' id='line_1_28' title="bbox 210 2158 984 2213; baseline 0 -13"><span class='ocrx_word' id='word_1_233' title='bbox 210 2160 302 2209; x_wconf 81' lang='lat' dir='ltr'>Stellauo,</span> <span class='ocrx_word' id='word_1_234' title='bbox 320 2164 340 2200; x_wconf 86' lang='lat' dir='ltr'>et</span> <span class='ocrx_word' id='word_1_235' title='bbox 350 2161 432 2213; x_wconf 82' lang='lat' dir='ltr'>Segiano</span> <span class='ocrx_word' id='word_1_236' title='bbox 448 2159 580 2213; x_wconf 69' lang='lat' dir='ltr'>Presbyteris,</span> <span class='ocrx_word' id='word_1_237' title='bbox 598 2158 674 2199; x_wconf 80' lang='lat' dir='ltr'>Sadano</span> <span class='ocrx_word' id='word_1_238' title='bbox 688 2159 801 2211; x_wconf 70' lang='lat' dir='ltr'>caeterisque</span> <span class='ocrx_word' id='word_1_239' title='bbox 819 2160 929 2201; x_wconf 89' lang='lat' dir='ltr'>doctoribus</span> <span class='ocrx_word' id='word_1_240' title='bbox 950 2175 984 2200; x_wconf 91' lang='lat' dir='ltr'>seu</span> 
     </span>
     <span class='ocr_line' id='line_1_29' title="bbox 208 2213 983 2267; baseline -0.001 -11"><span class='ocrx_word' id='word_1_241' title='bbox 208 2214 319 2256; x_wconf 79' lang='lat' dir='ltr'>Abbatibus</span> <span class='ocrx_word' id='word_1_242' title='bbox 327 2216 395 2264; x_wconf 79' lang='lat' dir='ltr'>Sectis,</span> <span class='ocrx_word' id='word_1_243' title='bbox 400 2214 486 2255; x_wconf 84' lang='lat' dir='ltr'>Hilarius</span> <span class='ocrx_word' id='word_1_244' title='bbox 496 2213 656 2267; x_wconf 77' lang='lat' dir='ltr'>Archypresbiter</span> <span class='ocrx_word' id='word_1_245' title='bbox 665 2217 684 2252; x_wconf 89' lang='lat' dir='ltr'>et</span> <span class='ocrx_word' id='word_1_246' title='bbox 692 2227 768 2253; x_wconf 88' lang='lat' dir='ltr'>servans</span> <span class='ocrx_word' id='word_1_247' title='bbox 778 2214 842 2255; x_wconf 88' lang='lat' dir='ltr'>locum</span> <span class='ocrx_word' id='word_1_248' title='bbox 853 2220 923 2255; x_wconf 86' lang='lat' dir='ltr'>sanctae</span> <span class='ocrx_word' id='word_1_249' title='bbox 933 2215 983 2255; x_wconf 90' lang='lat' dir='ltr'>sedis</span> 
     </span>
     <span class='ocr_line' id='line_1_30' title="bbox 208 2268 983 2324; baseline -0.001 -13"><span class='ocrx_word' id='word_1_250' title='bbox 208 2270 331 2324; x_wconf 80' lang='lat' dir='ltr'>Apostolicae‚</span> <span class='ocrx_word' id='word_1_251' title='bbox 341 2270 355 2310; x_wconf 85' lang='lat' dir='ltr'><strong>J</strong></span> <span class='ocrx_word' id='word_1_252' title='bbox 356 2271 441 2311; x_wconf 90' lang='lat' dir='ltr'>ohannes</span> <span class='ocrx_word' id='word_1_253' title='bbox 450 2270 549 2310; x_wconf 86' lang='lat' dir='ltr'>Diaconus</span> <span class='ocrx_word' id='word_1_254' title='bbox 557 2272 576 2308; x_wconf 90' lang='lat' dir='ltr'>et</span> <span class='ocrx_word' id='word_1_255' title='bbox 585 2269 607 2308; x_wconf 81' lang='lat' dir='ltr'>in</span> <span class='ocrx_word' id='word_1_256' title='bbox 615 2268 654 2308; x_wconf 89' lang='lat' dir='ltr'>Dei</span> <span class='ocrx_word' id='word_1_257' title='bbox 669 2269 746 2308; x_wconf 88' lang='lat' dir='ltr'>nominc</span> <span class='ocrx_word' id='word_1_258' title='bbox 755 2269 839 2321; x_wconf 79' lang='lat' dir='ltr'>electus3</span> <span class='ocrx_word' id='word_1_259' title='bbox 853 2270 900 2310; x_wconf 89' lang='lat' dir='ltr'>item</span> <span class='ocrx_word' id='word_1_260' title='bbox 910 2270 923 2310; x_wconf 89' lang='lat' dir='ltr'><strong>J</strong></span> <span class='ocrx_word' id='word_1_261' title='bbox 924 2271 983 2311; x_wconf 91' lang='lat' dir='ltr'>ohan-</span> 
     </span>
     <span class='ocr_line' id='line_1_31' title="bbox 208 2323 983 2379; baseline -0.003 -12"><span class='ocrx_word' id='word_1_262' title='bbox 208 2340 242 2366; x_wconf 89' lang='lat' dir='ltr'>nes</span> <span class='ocrx_word' id='word_1_263' title='bbox 252 2326 371 2379; x_wconf 84' lang='lat' dir='ltr'>primicerius</span> <span class='ocrx_word' id='word_1_264' title='bbox 382 2329 401 2365; x_wconf 89' lang='lat' dir='ltr'>et</span> <span class='ocrx_word' id='word_1_265' title='bbox 420 2339 497 2365; x_wconf 87' lang='lat' dir='ltr'>servans</span> <span class='ocrx_word' id='word_1_266' title='bbox 506 2324 571 2364; x_wconf 89' lang='lat' dir='ltr'>locum</span> <span class='ocrx_word' id='word_1_267' title='bbox 581 2326 651 2364; x_wconf 86' lang='lat' dir='ltr'>sanctae</span> <span class='ocrx_word' id='word_1_268' title='bbox 668 2323 718 2363; x_wconf 87' lang='lat' dir='ltr'>sedis</span> <span class='ocrx_word' id='word_1_269' title='bbox 727 2324 844 2377; x_wconf 86' lang='lat' dir='ltr'>Apostolicae</span> <span class='ocrx_word' id='word_1_270' title='bbox 854 2329 874 2366; x_wconf 90' lang='lat' dir='ltr'>et</span> <span class='ocrx_word' id='word_1_271' title='bbox 883 2326 983 2367; x_wconf 77' lang='lat' dir='ltr'>lohannes</span> 
     </span>
     <span class='ocr_line' id='line_1_32' title="bbox 208 2378 802 2433; baseline -0.007 -11"><span class='ocrx_word' id='word_1_272' title='bbox 208 2395 274 2421; x_wconf 87' lang='lat' dir='ltr'>servus</span> <span class='ocrx_word' id='word_1_273' title='bbox 283 2380 322 2422; x_wconf 89' lang='lat' dir='ltr'>Dei</span> <span class='ocrx_word' id='word_1_274' title='bbox 332 2380 452 2421; x_wconf 85' lang='lat' dir='ltr'>consiliarius</span> <span class='ocrx_word' id='word_1_275' title='bbox 461 2379 548 2433; x_wconf 84' lang='lat' dir='ltr'>ejusdem</span> <span class='ocrx_word' id='word_1_276' title='bbox 557 2378 674 2433; x_wconf 85' lang='lat' dir='ltr'>Apostolicae</span> <span class='ocrx_word' id='word_1_277' title='bbox 684 2378 745 2419; x_wconf 81' lang='lat' dir='ltr'>Sedis.</span> <span class='ocrx_word' id='word_1_278' title='bbox 796 2379 802 2386; x_wconf 62' lang='lat'>‘</span> 
     </span>
    </p>

    <p class='ocr_par' dir='ltr' id='par_1_8' title="bbox 204 2433 983 2821">
     <span class='ocr_line' id='line_1_33' title="bbox 236 2433 982 2490; baseline -0.003 -13"><span class='ocrx_word' id='word_1_279' title='bbox 236 2437 310 2490; x_wconf 81' lang='lat' dir='ltr'>Scripta</span> <span class='ocrx_word' id='word_1_280' title='bbox 320 2451 364 2490; x_wconf 90' lang='lat' dir='ltr'>quae</span> <span class='ocrx_word' id='word_1_281' title='bbox 373 2435 477 2489; x_wconf 86' lang='lat' dir='ltr'>perlatores</span> <span class='ocrx_word' id='word_1_282' title='bbox 487 2435 510 2475; x_wconf 89' lang='lat' dir='ltr'>ad</span> <span class='ocrx_word' id='word_1_283' title='bbox 521 2438 591 2474; x_wconf 83' lang='lat' dir='ltr'>sanctae</span> <span class='ocrx_word' id='word_1_284' title='bbox 600 2435 698 2475; x_wconf 85' lang='lat' dir='ltr'>memoriae</span> <span class='ocrx_word' id='word_1_285' title='bbox 708 2433 821 2490; x_wconf 71' lang='lat' dir='ltr'>Severinum</span> <span class='ocrx_word' id='word_1_286' title='bbox 829 2436 902 2490; x_wconf 87' lang='lat' dir='ltr'>Papam</span> <span class='ocrx_word' id='word_1_287' title='bbox 909 2435 982 2476; x_wconf 75' lang='lat' dir='ltr'>addux-</span> 
     </span>
     <span class='ocr_line' id='line_1_34' title="bbox 206 2489 983 2544; baseline -0.001 -13"><span class='ocrx_word' id='word_1_288' title='bbox 206 2495 265 2541; x_wconf 87' lang='lat' dir='ltr'>erent,</span> <span class='ocrx_word' id='word_1_289' title='bbox 290 2506 312 2532; x_wconf 87' lang='lat' dir='ltr'>ec</span> <span class='ocrx_word' id='word_1_290' title='bbox 332 2491 356 2532; x_wconf 88' lang='lat' dir='ltr'>de</span> <span class='ocrx_word' id='word_1_291' title='bbox 375 2492 411 2531; x_wconf 88' lang='lat' dir='ltr'>bac</span> <span class='ocrx_word' id='word_1_292' title='bbox 427 2489 471 2531; x_wconf 88' lang='lat' dir='ltr'>luce</span> <span class='ocrx_word' id='word_1_293' title='bbox 494 2490 595 2543; x_wconf 85' lang='lat' dir='ltr'>migrante,</span> <span class='ocrx_word' id='word_1_294' title='bbox 619 2490 715 2543; x_wconf 86' lang='lat' dir='ltr'>reciproca</span> <span class='ocrx_word' id='word_1_295' title='bbox 738 2490 829 2543; x_wconf 70' lang='lat' dir='ltr'>respousa</span> <span class='ocrx_word' id='word_1_296' title='bbox 853 2492 877 2531; x_wconf 93' lang='lat' dir='ltr'>ad</span> <span class='ocrx_word' id='word_1_297' title='bbox 901 2505 983 2544; x_wconf 86' lang='lat' dir='ltr'>eaquae</span> 
     </span>
     <span class='ocr_line' id='line_1_35' title="bbox 204 2544 983 2599; baseline -0.003 -12"><span class='ocrx_word' id='word_1_298' title='bbox 204 2547 301 2599; x_wconf 88' lang='lat' dir='ltr'>postulata</span> <span class='ocrx_word' id='word_1_299' title='bbox 314 2548 400 2595; x_wconf 83' lang='lat' dir='ltr'>firerunt,</span> <span class='ocrx_word' id='word_1_300' title='bbox 420 2545 520 2586; x_wconf 86' lang='lat' dir='ltr'>siluerunt.</span> <span class='ocrx_word' id='word_1_301' title='bbox 550 2544 626 2589; x_wconf 71' lang='lat' dir='ltr'>Quibus</span> <span class='ocrx_word' id='word_1_302' title='bbox 643 2545 731 2584; x_wconf 88' lang='lat' dir='ltr'>reseratis</span> <span class='ocrx_word' id='word_1_303' title='bbox 754 2558 779 2584; x_wconf 89' lang='lat' dir='ltr'>ne</span> <span class='ocrx_word' id='word_1_304' title='bbox 798 2546 832 2586; x_wconf 92' lang='lat' dir='ltr'>diu</span> <span class='ocrx_word' id='word_1_305' title='bbox 847 2549 907 2586; x_wconf 86' lang='lat' dir='ltr'>tantae</span> <span class='ocrx_word' id='word_1_306' title='bbox 927 2560 983 2598; x_wconf 89' lang='lat' dir='ltr'>ques-</span> 
     </span>
     <span class='ocr_line' id='line_1_36' title="bbox 204 2599 983 2656; baseline 0 -16"><span class='ocrx_word' id='word_1_307' title='bbox 204 2602 261 2642; x_wconf 87' lang='lat' dir='ltr'>tionis</span> <span class='ocrx_word' id='word_1_308' title='bbox 269 2602 330 2656; x_wconf 79' lang='lat' dir='ltr'>caligc</span> <span class='ocrx_word' id='word_1_309' title='bbox 340 2602 448 2643; x_wconf 89' lang='lat' dir='ltr'>indiscussa</span> <span class='ocrx_word' id='word_1_310' title='bbox 457 2604 569 2649; x_wconf 87' lang='lat' dir='ltr'>remaneret,</span> <span class='ocrx_word' id='word_1_311' title='bbox 580 2600 686 2652; x_wconf 86' lang='lat' dir='ltr'>reperimus</span> <span class='ocrx_word' id='word_1_312' title='bbox 701 2599 794 2651; x_wconf 84' lang='lat' dir='ltr'>quosdam</span> <span class='ocrx_word' id='word_1_313' title='bbox 803 2601 906 2654; x_wconf 87' lang='lat' dir='ltr'>provinciae</span> <span class='ocrx_word' id='word_1_314' title='bbox 914 2604 983 2641; x_wconf 87' lang='lat' dir='ltr'>vestrae</span> 
     </span>
     <span class='ocr_line' id='line_1_37' title="bbox 206 2654 982 2706; baseline 0 -11"><span class='ocrx_word' id='word_1_315' title='bbox 206 2660 271 2697; x_wconf 87' lang='lat' dir='ltr'>contra</span> <span class='ocrx_word' id='word_1_316' title='bbox 281 2657 408 2698; x_wconf 76' lang='lat' dir='ltr'>orthodoxam</span> <span class='ocrx_word' id='word_1_317' title='bbox 427 2656 491 2706; x_wconf 86' lang='lat' dir='ltr'>fidem,</span> <span class='ocrx_word' id='word_1_318' title='bbox 508 2670 579 2696; x_wconf 86' lang='lat' dir='ltr'>novam</span> <span class='ocrx_word' id='word_1_319' title='bbox 589 2669 612 2695; x_wconf 78' lang='lat' dir='ltr'>ex</span> <span class='ocrx_word' id='word_1_320' title='bbox 619 2655 680 2694; x_wconf 85' lang='lat' dir='ltr'>veteri</span> <span class='ocrx_word' id='word_1_321' title='bbox 689 2654 758 2694; x_wconf 81' lang='lat' dir='ltr'>haeresi</span> <span class='ocrx_word' id='word_1_322' title='bbox 767 2669 865 2705; x_wconf 88' lang='lat' dir='ltr'>renovare,</span> <span class='ocrx_word' id='word_1_323' title='bbox 876 2660 982 2705; x_wconf 85' lang='lat' dir='ltr'>conautes;</span> 
     </span>
     <span class='ocr_line' id='line_1_38' title="bbox 205 2708 982 2765; baseline 0.001 -15"><span class='ocrx_word' id='word_1_324' title='bbox 205 2711 275 2764; x_wconf 86' lang='lat' dir='ltr'>pascha</span> <span class='ocrx_word' id='word_1_325' title='bbox 290 2718 378 2753; x_wconf 90' lang='lat' dir='ltr'>nostrum</span> <span class='ocrx_word' id='word_1_326' title='bbox 392 2713 414 2752; x_wconf 87' lang='lat' dir='ltr'>in</span> <span class='ocrx_word' id='word_1_327' title='bbox 429 2726 467 2765; x_wconf 86' lang='lat' dir='ltr'>quo</span> <span class='ocrx_word' id='word_1_328' title='bbox 477 2711 588 2752; x_wconf 88' lang='lat' dir='ltr'>immolatus</span> <span class='ocrx_word' id='word_1_329' title='bbox 598 2712 627 2749; x_wconf 89' lang='lat' dir='ltr'>est</span> <span class='ocrx_word' id='word_1_330' title='bbox 635 2708 723 2748; x_wconf 79' lang='lat' dir='ltr'>Christus</span> <span class='ocrx_word' id='word_1_331' title='bbox 737 2709 830 2750; x_wconf 86' lang='lat' dir='ltr'>nebulosa</span> <span class='ocrx_word' id='word_1_332' title='bbox 840 2711 921 2763; x_wconf 87' lang='lat' dir='ltr'>caligine</span> <span class='ocrx_word' id='word_1_333' title='bbox 931 2711 982 2751; x_wconf 81' lang='lat' dir='ltr'>refu-</span> 
     </span>
     <span class='ocr_line' id='line_1_39' title="bbox 207 2763 897 2821; baseline 0 -16"><span class='ocrx_word' id='word_1_334' title='bbox 207 2769 270 2806; x_wconf 89' lang='lat' dir='ltr'>tantes</span> <span class='ocrx_word' id='word_1_335' title='bbox 280 2770 299 2806; x_wconf 92' lang='lat' dir='ltr'>et</span> <span class='ocrx_word' id='word_1_336' title='bbox 309 2772 376 2821; x_wconf 84' lang='lat' dir='ltr'>quarta</span> <span class='ocrx_word' id='word_1_337' title='bbox 386 2767 459 2808; x_wconf 87' lang='lat' dir='ltr'>decima</span> <span class='ocrx_word' id='word_1_338' title='bbox 473 2767 521 2807; x_wconf 85' lang='lat' dir='ltr'>luna</span> <span class='ocrx_word' id='word_1_339' title='bbox 530 2780 574 2806; x_wconf 91' lang='lat' dir='ltr'>cum</span> <span class='ocrx_word' id='word_1_340' title='bbox 586 2764 676 2805; x_wconf 81' lang='lat' dir='ltr'>Haebreis</span> <span class='ocrx_word' id='word_1_341' title='bbox 691 2763 785 2804; x_wconf 87' lang='lat' dir='ltr'>celebrare</span> <span class='ocrx_word' id='word_1_342' title='bbox 792 2766 897 2805; x_wconf 85' lang='lat' dir='ltr'>nitentes.”</span> 
     </span>
    </p>

    <p class='ocr_par' dir='ltr' id='par_1_9' title="bbox 201 2818 983 3040">
     <span class='ocr_line' id='line_1_40' title="bbox 233 2818 983 2876; baseline 0.001 -16"><span class='ocrx_word' id='word_1_343' title='bbox 233 2820 277 2861; x_wconf 87' lang='lat' dir='ltr'>Hoc</span> <span class='ocrx_word' id='word_1_344' title='bbox 298 2822 320 2862; x_wconf 91' lang='lat' dir='ltr'>de</span> <span class='ocrx_word' id='word_1_345' title='bbox 335 2822 428 2863; x_wconf 86' lang='lat' dir='ltr'>Paschate</span> <span class='ocrx_word' id='word_1_346' title='bbox 448 2822 469 2862; x_wconf 91' lang='lat' dir='ltr'>in</span> <span class='ocrx_word' id='word_1_347' title='bbox 485 2825 547 2876; x_wconf 86' lang='lat' dir='ltr'>primo</span> <span class='ocrx_word' id='word_1_348' title='bbox 561 2820 629 2873; x_wconf 89' lang='lat' dir='ltr'>capite.</span> <span class='ocrx_word' id='word_1_349' title='bbox 659 2818 708 2858; x_wconf 84' lang='lat' dir='ltr'>Mox</span> <span class='ocrx_word' id='word_1_350' title='bbox 721 2819 827 2860; x_wconf 87' lang='lat' dir='ltr'>secundum</span> <span class='ocrx_word' id='word_1_351' title='bbox 841 2820 865 2861; x_wconf 91' lang='lat' dir='ltr'>de</span> <span class='ocrx_word' id='word_1_352' title='bbox 878 2820 983 2873; x_wconf 86' lang='lat' dir='ltr'>Pelagiaua</span> 
     </span>
     <span class='ocr_line' id='line_1_41' title="bbox 203 2875 982 2928; baseline 0 -12"><span class='ocrx_word' id='word_1_353' title='bbox 203 2876 271 2916; x_wconf 82' lang='lat' dir='ltr'>haeresi</span> <span class='ocrx_word' id='word_1_354' title='bbox 286 2876 351 2917; x_wconf 89' lang='lat' dir='ltr'>subdit</span> <span class='ocrx_word' id='word_1_355' title='bbox 366 2877 440 2918; x_wconf 84' lang='lat' dir='ltr'>Beda.”</span> <span class='ocrx_word' id='word_1_356' title='bbox 469 2877 497 2917; x_wconf 75' lang='lat' dir='ltr'>Et</span> <span class='ocrx_word' id='word_1_357' title='bbox 511 2878 549 2917; x_wconf 90' lang='lat' dir='ltr'>hoc</span> <span class='ocrx_word' id='word_1_358' title='bbox 565 2888 642 2928; x_wconf 86' lang='lat' dir='ltr'>quoquc</span> <span class='ocrx_word' id='word_1_359' title='bbox 658 2875 789 2927; x_wconf 85' lang='lat' dir='ltr'>cognovimus,</span> <span class='ocrx_word' id='word_1_360' title='bbox 805 2876 856 2928; x_wconf 87' lang='lat' dir='ltr'>quod</span> <span class='ocrx_word' id='word_1_361' title='bbox 865 2876 917 2916; x_wconf 89' lang='lat' dir='ltr'>virus</span> <span class='ocrx_word' id='word_1_362' title='bbox 927 2875 982 2917; x_wconf 90' lang='lat' dir='ltr'>Pela-</span> 
     </span>
     <span class='ocr_line' id='line_1_42' title="bbox 202 2928 980 2985; baseline 0 -14"><span class='ocrx_word' id='word_1_363' title='bbox 202 2932 265 2985; x_wconf 84' lang='lat' dir='ltr'>gianae</span> <span class='ocrx_word' id='word_1_364' title='bbox 284 2931 377 2972; x_wconf 82' lang='lat' dir='ltr'>haerescos</span> <span class='ocrx_word' id='word_1_365' title='bbox 390 2932 441 2985; x_wconf 85' lang='lat' dir='ltr'>apud</span> <span class='ocrx_word' id='word_1_366' title='bbox 455 2947 490 2972; x_wconf 89' lang='lat' dir='ltr'>vos</span> <span class='ocrx_word' id='word_1_367' title='bbox 501 2932 564 2972; x_wconf 88' lang='lat' dir='ltr'>denuc</span> <span class='ocrx_word' id='word_1_368' title='bbox 577 2929 680 2970; x_wconf 80' lang='lat' dir='ltr'>reviviscit.</span> <span class='ocrx_word' id='word_1_369' title='bbox 711 2928 769 2974; x_wconf 74' lang='lat' dir='ltr'>Quod</span> <span class='ocrx_word' id='word_1_370' title='bbox 779 2931 857 2971; x_wconf 87' lang='lat' dir='ltr'>omnino</span> <span class='ocrx_word' id='word_1_371' title='bbox 874 2931 980 2981; x_wconf 82' lang='lat' dir='ltr'>hortamur,</span> 
     </span>
     <span class='ocr_line' id='line_1_43' title="bbox 201 2985 980 3040; baseline 0.001 -13"><span class='ocrx_word' id='word_1_372' title='bbox 201 2991 224 3027; x_wconf 90' lang='lat' dir='ltr'>ut</span> <span class='ocrx_word' id='word_1_373' title='bbox 241 3001 252 3027; x_wconf 91' lang='lat' dir='ltr'>a</span> <span class='ocrx_word' id='word_1_374' title='bbox 268 2987 337 3027; x_wconf 82' lang='lat' dir='ltr'>vestris</span> <span class='ocrx_word' id='word_1_375' title='bbox 355 2986 452 3026; x_wconf 88' lang='lat' dir='ltr'>mentibus</span> <span class='ocrx_word' id='word_1_376' title='bbox 470 2985 604 3040; x_wconf 81' lang='lat' dir='ltr'>hujuscemodi</span> <span class='ocrx_word' id='word_1_377' title='bbox 623 2988 739 3025; x_wconf 87' lang='lat' dir='ltr'>venenatum</span> <span class='ocrx_word' id='word_1_378' title='bbox 754 2987 894 3039; x_wconf 86' lang='lat' dir='ltr'>superstitionis</span> <span class='ocrx_word' id='word_1_379' title='bbox 906 2987 980 3028; x_wconf 86' lang='lat' dir='ltr'>lacinus</span> 
     </span>
    </p>
   </div>
   <div class='ocr_carea' id='block_1_7' title="bbox 1106 2824 1110 2964">
    <p class='ocr_par' dir='ltr' id='par_1_10' title="bbox 1106 2824 1110 2964">
     <span class='ocr_line' id='line_1_44' title="bbox 1106 2824 1110 2898; baseline 0 -14"><span class='ocrx_word' id='word_1_380' title='bbox 1106 2824 1110 2898; x_wconf 73' lang='lat' dir='ltr'>t</span> 
     </span>
     <span class='ocr_line' id='line_1_45' title="bbox 1106 2898 1109 2964; baseline 0 0"><span class='ocrx_word' id='word_1_381' title='bbox 1106 2898 1109 2964; x_wconf 86' lang='lat' dir='ltr'>l</span> 
     </span>
    </p>
   </div>
   <div class='ocr_carea' id='block_1_8' title="bbox 0 0 1124 3535">
    <p class='ocr_par' dir='ltr' id='par_1_11' title="bbox 0 0 1124 3535">
     <span class='ocr_line' id='line_1_46' title="bbox 0 0 1124 3535; baseline 0 2"><span class='ocrx_word' id='word_1_382' title='bbox 0 0 1124 3535; x_wconf 95' lang='lat' dir='ltr'> </span> 
     </span>
    </p>
   </div>
  </div>
 </body>
</html>
