2237 3535
115 406 159 434 cir.
174 389 204 442 1.]
329 404 355 430 na
369 404 433 431 ranno
449 404 568 434 curuoacnr
583 403 692 431 auronum.
852 393 891 431 229

114 502 187 543 tatione
197 499 342 553 contemplatur.
371 500 400 541 Ea
409 501 466 551 vallo,
477 502 534 551 fossa,
544 500 637 549 turribus,
647 499 749 540 tormentis
760 503 814 539 erant
829 501 891 540 muni-

114 556 194 604 tissima,
204 554 275 594 milites
284 555 306 595 in
315 556 377 605 armis
388 557 432 610 equi
448 557 529 597 fraenati.
560 555 642 596 Ibernos
656 555 715 595 etiam
724 568 805 594 numero
815 568 891 608 supera-

114 613 175 652 bant:
190 623 235 650 nam
245 609 302 650 multi
311 625 334 650 ex
343 612 414 661 castris,
425 611 521 665 praecipue
531 610 629 651 Momonii
647 609 768 663 pabulatum,
779 613 798 649 et
808 610 892 650 frumen-

114 671 178 707 tatum
187 664 249 718 pridie
266 664 316 705 illius
333 666 369 706 diei
384 668 466 720 profecti
481 668 567 718 aberant.
598 665 719 706 O'Donellus
732 679 776 705 cum
786 665 827 705 acie
837 665 893 704 tertia

115 723 283 774 uonpervenerat.
312 720 441 765 Quamobrem
451 721 548 762 O'Nellus
559 721 665 762 exducum
679 720 774 760 sententia
793 720 815 760 in
834 719 893 760 alium

115 777 166 817 diem
173 775 268 825 differens,
279 778 354 828 agmina
368 777 436 829 pedem
451 777 521 817 referre
536 776 599 831 jubet.
629 775 680 820 Quae
695 775 811 828 quingentos
826 789 893 828 passus

115 845 190 872 reversa
200 830 330 871 O’Donellum
339 832 464 882 offenderunt,
476 836 495 873 et
510 832 578 873 eodem
590 834 690 872 momento
701 830 794 884 temporis
806 830 893 883 proregis

116 886 212 940 equitatus
222 885 290 935 adluit,
301 898 357 939 quem
373 887 442 927 vadum
459 888 542 941 proximi
550 887 637 928 fluminis
651 886 756 939 trajectum
773 884 893 925 (YDonellus

116 955 160 982 cum
171 941 258 994 equitatu
268 955 303 981 suo
313 941 414 982 adcurrens
423 943 518 996 peridem
527 943 600 983 vadum
609 941 711 995 repulsum
720 941 742 980 in
751 940 819 993 fugam
829 940 892 980 vertit.

116 997 190 1036 Rursus
204 996 290 1049 proregis
301 997 395 1049 equitatus
411 1012 498 1038 reversus
507 998 579 1038 vadum
589 997 675 1051 trajicere
686 1000 755 1036 tentat.
771 994 893 1036 O'Donellus

115 1055 168 1091 ratus
178 1051 233 1090 illum
242 1051 292 1091 inter
302 1065 327 1100 se,
339 1057 358 1091 et
374 1052 445 1092 vadum
459 1052 514 1093 facile
523 1053 607 1107 opprimi
619 1066 682 1105 posse,
692 1051 735 1092 loco
746 1051 818 1091 sensim
836 1050 892 1100 cedit,

116 1106 169 1159 quod
179 1105 225 1146 dum
234 1106 286 1155 iacit,
296 1120 339 1159 pars
348 1107 408 1160 ipsius
419 1108 516 1160 equitatus
525 1109 557 1148 vel
567 1121 618 1156 casu,
629 1107 659 1147 rel
669 1107 751 1159 alicujus
760 1106 810 1156 dolo,
822 1111 841 1146 et
850 1120 892 1159 per-

115 1161 160 1201 fidia
170 1175 239 1214 agmen
247 1161 308 1214 ipsius
316 1161 419 1202 O’Donellr¹
426 1163 496 1202 aversis
504 1163 559 1216 equis
568 1164 659 1215 ingressa,
667 1162 742 1216 pedites
752 1162 805 1214 cogit
815 1161 892 1201 ordines

116 1217 185 1256 laxare.
214 1216 341 1269 incompositi
357 1216 430 1269 pedites
440 1231 482 1257 sese
495 1218 547 1271 fugae
562 1217 660 1257 mandant.
690 1216 892 1257 IdemfacitO’Nelli

116 1286 191 1324 agmen,
199 1275 218 1311 et
226 1272 282 1311 etiam
291 1270 420 1320 O'Sullevani,
430 1272 519 1312 hostibus
528 1271 608 1312 minime
618 1271 733 1325 cogentibus
744 1275 763 1311 et
772 1271 892 1325 principibus

116 1327 188 1366 frustra
196 1325 350 1366 reclamantibus.
378 1326 410 1366 Ita
419 1327 488 1379 panico
498 1330 570 1367 terrore
580 1341 645 1367 omnes
655 1326 739 1379 perculsi
756 1330 808 1375 sunt,
817 1326 849 1366 vel
858 1341 892 1378 po-

116 1382 155 1421 tius
171 1381 235 1421 divina
244 1380 328 1420 vindicta
338 1380 405 1432 fugati.
434 1380 564 1433 Fugientibus
573 1381 638 1434 regius
648 1381 745 1433 equitatus
757 1381 807 1420 nihil
817 1380 892 1420 audaci-

117 1440 145 1475 ter
156 1436 221 1485 haeret,
239 1439 309 1488 putans
324 1435 347 1474 in
362 1435 441 1475 insidias
452 1450 471 1474 se
481 1436 537 1476 trahi.
567 1435 628 1476 Multi
638 1435 713 1488 equites
729 1434 803 1483 iberni,
819 1435 853 1488 qui
869 1434 893 1475 ab

116 1491 225 1543 Anglorum
234 1493 288 1542 parte
298 1489 379 1538 stabant,
390 1489 499 1530 Catholicos
507 1491 580 1530 trustra
589 1491 710 1539 confirmant,
724 1489 831 1538 suadentes,
843 1491 895 1529 utin

117 1545 204 1599 praelium
213 1544 298 1592 redeant,
309 1556 367 1597 seque
376 1544 415 1584 illis
424 1545 466 1584 fore
476 1545 553 1585 auxilio.
583 1544 685 1593 O'Nellus,
701 1549 721 1584 et
731 1543 852 1584 O’Donellus
862 1559 895 1584 eos

115 1602 137 1640 in
146 1613 233 1653 pugnam
242 1599 332 1639 reducere
347 1613 387 1639 non
402 1604 515 1652 potuerunt.
545 1599 692 1648 O'Sulleranus,
704 1599 792 1648 Tirellus,
810 1599 895 1653 Hispani

118 1656 175 1695 duces
186 1668 229 1694 cum
239 1654 305 1706 paucis
314 1655 383 1694 reversi
392 1654 454 1694 hostis
464 1655 558 1709 impetum
564 1655 634 1708 partim
640 1655 781 1695 sustinuerunt.
797 1653 842 1694 Hoc
850 1654 895 1695 diel

118 1709 261 1750 succubuerunt
271 1723 294 1748 ex
311 1708 389 1749 O'Nelli
406 1710 492 1750 exercitu
507 1711 582 1764 pedites
593 1710 672 1750 ducenti
677 1727 684 1759 3
695 1724 719 1749 en
728 1710 798 1763 Anglis
808 1713 847 1749 tres
857 1710 894 1749 viri

117 1764 196 1805 nobiles.
226 1763 295 1804 Comes
311 1764 458 1805 Clamiclrardus
474 1765 499 1805 ob
515 1766 607 1806 virtutem
624 1765 694 1818 equitis
708 1765 777 1804 Aurati
794 1764 894 1805 nominet

118 1820 201 1873 Prorege
210 1819 300 1859 donatur.

452 2081 509 2121 OAP.
524 2082 551 2122 X.

140 2224 180 2258 0¹N
182 2224 224 2256 ellus
233 2224 251 2255 in
259 2223 352 2256 Ultoniam
360 2224 466 2258 revertitur:
477 2224 586 2303 0’IJtonellus
594 2226 613 2258 in
621 2225 726 2271 Hispaniam
734 2202 797 2261 soluit:
807 2228 874 2272 Aquila

462 2279 511 2313 sequi
520 2282 548 2303 ur.

121 2377 236 2426 O’Nanns,
262 2378 296 2430 qui
309 2382 384 2433 recepto
408 2379 485 2428 damno,
500 2380 549 2420 nihil
568 2381 760 2424 viribusinvalidior
779 2388 825 2434 erat,
845 2386 893 2438 pris-

120 2433 162 2473 tino
186 2446 238 2472 more
262 2435 336 2483 statuit,
359 2448 403 2474 cum
426 2434 482 2474 hoste
505 2449 571 2488 gerere
595 2436 686 2490 belluml}
726 2438 751 2478 ld
769 2442 835 2479 tamen
854 2441 893 2481 suis
903 2451 961 2494 [lta]

121 2487 199 2528 minimis
223 2488 288 2541 potuit
314 2490 431 2542 persuadere.
470 2489 561 2543 Namque
581 2491 711 2539 ΟΈ11111111151ι
731 2494 764 2546 qui
787 2494 894 2536 Thadaeum

123 2542 249 2583 O’Ruarkum
258 2543 336 2584 fratrem
346 2559 401 2585 suum
408 2545 429 2584 in
435 2544 528 2585 Brethuia
537 2546 632 2596 relictum,
643 2547 691 2588 velle
701 2548 755 2588 illum
765 2549 895 2603 principatum

122 2599 143 2637 in
153 2611 206 2638 suam
216 2603 332 2652 potestatem
341 2600 425 2653 redigere
435 2599 526 2649 audierat,
538 2600 562 2640 ad
579 2601 708 2642 defendendas
722 2604 852 2656 possessiones
866 2620 895 2646 re-

122 2653 215 2693 vertitur:
231 2666 289 2705 quem
299 2654 411 2695 Rannaldus
420 2655 519 2695 imitatur:
535 2656 637 2709 utriusque
647 2657 734 2710 exemplo
744 2658 776 2698 alii
786 2664 889 2702 moventur

124 2707 164 2751 Qui
174 2707 279 2748 O'Nellum
290 2723 365 2763 quoque
376 2711 421 2751 satis
430 2709 513 2750 inritum
522 2710 584 2750 redire
594 2716 672 2765 cogunt.
693 2712 815 2755 OtDonellus
825 2730 897 2757 munus

125 2899 136 2931 b
148 2855 244 2934 *danrrary
251 2860 268 2896 3,
277 2859 325 2892 loon.
339 2858 371 2892 Sec
377 2860 458 2893 different
464 2862 547 2892 accounts
554 2859 574 2892 of
578 2859 613 2892 this
621 2860 736 2905 unfortrmate
742 2862 804 2903 battle,
811 2865 898 2901 collected

137 2911 162 2980 b*
173 2902 471 2993 i'di-Iillsllltjtptiiff'ffi'
