2237 3535
82 413 126 443 cnr.
141 399 181 452 nn]
287 412 314 441 ou
327 412 391 443 annno
407 413 529 445 ournnncnn
544 412 653 441 Aaronom.
813 402 852 441 165

80 508 156 549 Farniae
165 504 270 555 castellum,
281 510 300 547 et
309 508 446 560 possessionem
457 508 469 547 t
477 507 549 560 reginae
558 506 654 547 indicibus
663 504 752 554 mittitur,
762 505 833 546 frustra
842 506 854 545 a

81 561 185 604 Catholicis
195 560 313 614 objurgatus,
323 563 375 615 quod
387 562 466 603 minime
480 560 533 615 juste
550 561 603 602 Iberi
619 559 714 602 Catholici
729 560 766 600 viri
779 574 853 613 posses-

81 618 144 660 siones
155 616 177 657 ab
187 617 282 665 heretico,
294 617 356 671 quiin
366 633 397 659 eas
406 617 479 671 injustd
488 616 564 657 actione
574 616 648 670 agebat,
660 615 778 655 conduxerit.
800 615 853 656 iberi

80 673 126 714 verb
142 671 177 713 filii
192 685 233 712 eam
249 675 375 725 opportunam
392 673 510 713 occasionem
527 671 570 721 rati,
588 671 626 725 qut
642 669 720 725 gerebat
734 669 853 711 O'Donellus

81 743 139 777 arma,
160 727 262 767 amicornm
281 741 339 768 manu
358 729 424 769 coactt
442 727 532 767 Fanniam
552 727 651 767 castellum
670 730 731 766 noctu
751 725 851 766 invadunt.

80 783 164 823 Foribus
183 781 286 835 improvise
302 783 366 836 ignem
382 783 491 824 admovent.
521 780 616 823 Castellus
635 781 741 834 inquilinus
760 780 853 820 Talbotus

81 838 187 879 suffocante
203 837 256 877 fumo
272 839 415 892 expergefactus
430 837 523 878 subucula
539 841 616 878 tantum
631 837 713 877 indutus
722 835 771 875 lecto
782 835 851 885 exsilit,

79 894 168 947 foresque
185 891 285 946 patefacit:
305 907 355 946 pone
369 893 447 946 januam
462 892 593 943 absconditus,
609 892 643 933 ubi
662 891 715 932 Iberi
733 890 788 931 liberi
807 904 853 930 cunr

80 949 157 1002 agmine
166 961 200 987 suo
209 947 324 1001 irruperunt,
334 948 399 988 nudus
406 962 492 1001 egressus
502 947 584 1001 pedibus
594 947 676 988 salutem
684 946 740 1000 petit,
751 959 808 999 quem
818 959 853 986 sua

78 1003 152 1043 familia
161 1002 252 1055 sequitur,
263 1002 328 1059 ejecta
338 1007 358 1043 et
368 1003 447 1056 direpta.
464 1002 524 1043 Cuius
534 1003 561 1043 rei
571 1003 647 1056 culpam
657 1002 718 1055 Angli
727 1001 748 1041 in
758 1001 852 1041 Tirenum

78 1056 224 1107 transferebant,
240 1061 343 1098 asserentes
361 1058 399 1098 hoc
415 1058 482 1106 invito,
500 1057 549 1097 nihil
558 1057 602 1098 illos
612 1057 713 1098 ausurost
742 1055 782 1097 sah
799 1055 852 1096 idem

78 1117 155 1167 tempus
164 1112 230 1166 Angli,
245 1112 278 1166 qui
294 1112 421 1153 Ardmacham
436 1112 526 1152 Primatis
543 1112 609 1153 lberni
625 1113 689 1153 sedem
699 1111 787 1166 praesidio
797 1115 851 1150 tene-

78 1168 131 1218 bant,
142 1169 235 1222 templum
250 1167 325 1220 ingredi
341 1168 468 1216 constituunt,
484 1167 641 1221 resistentemque
658 1167 750 1207 aedituum
769 1169 789 1206 et
803 1166 850 1206 alios

79 1223 185 1264 sacerdotes
194 1224 215 1263 in
225 1223 300 1263 vincula
310 1222 410 1275 conjicere.
424 1221 456 1261 Ad
465 1221 525 1261 rixam
533 1236 623 1262 accurens
630 1222 739 1262 Bernardus
747 1220 793 1261 O’N
794 1221 849 1270 ellus,

79 1279 112 1331 qui
122 1282 168 1318 tunc
177 1279 227 1318 forte
235 1278 256 1318 in
266 1276 336 1330 oppido
347 1279 387 1316 erat
400 1276 505 1316 sacerdotes
512 1275 534 1315 in
542 1276 649 1317 libertatem
659 1277 731 1317 asserit.
741 1276 850 1316 Duodecim

78 1333 154 1385 Anglos
163 1333 233 1373 milites
247 1331 334 1385 patibulo
351 1330 443 1383 suspendi
457 1329 519 1383 jubet.
548 1330 626 1384 Reliqui
640 1331 751 1384 praesidiarii
764 1331 849 1383 tugiunt,

78 1389 133 1429 cuius
142 1388 169 1427 rei
184 1387 284 1428 authorem
301 1385 360 1426 fuisse
375 1385 468 1425 Tironum
482 1387 611 1438 protestantes
627 1400 662 1439 pro
677 1400 697 1426 re
707 1386 764 1434 certia,
773 1384 850 1425 indubi-

77 1440 321 1496 tathqueconlirmabant.†

408 1688 465 1730 CAP.
481 1689 520 1731 XI.

78 1811 147 1854 Regius
155 1810 243 1844 exercitus
255 1808 278 1842 ad
292 1808 355 1842 vadum
371 1809 488 1844 biscoctorum
502 1822 568 1854 panum
583 1823 593 1844 a
606 1813 648 1846 illac
657 1812 723 1845 Guiere
736 1816 753 1844 et
761 1810 851 1844 Cormalzo

102 1856 177 1889 O'Nello
185 1855 273 1888 funditur.
288 1853 397 1888 O'Donellus
406 1855 526 1889 Iniskissenam
539 1857 557 1889 in
564 1857 670 1891 deditionem
679 1856 747 1900 accipit,
755 1860 772 1889 et
780 1856 850 1900 Anglos

101 1900 208 1934 Oonnaohtae
216 1899 316 1933 labefactat.

77 2006 104 2046 ΙΝ
113 2006 151 2047 hoc
160 2019 224 2045 rerum
234 2007 286 2044 statu
295 2003 427 2044 Iniskellinnae
437 2005 484 2045 arcis
495 2006 606 2058 praesidium
616 2008 639 2048 ab
650 2007 757 2048 O’Douello
767 2007 848 2047 circum-

78 2075 151 2101 sessum
160 2061 210 2101 fame
219 2058 346 2111 premebatur.
361 2059 392 2099 Ao
401 2058 461 2100 Filius
472 2061 549 2112 quidem
559 2064 644 2116 scropha
654 2063 702 2103 arcis
711 2062 803 2116 proditor,
815 2063 849 2114 qui

75 2117 97 2156 in
106 2131 128 2156 ea
138 2116 161 2156 ab
173 2114 242 2167 Anglis
251 2118 292 2154 erat
307 2113 390 2163 relictus
407 2128 439 2154 sus
453 2128 512 2155 torar
529 2117 623 2158 esuriente
632 2121 699 2157 ventre
708 2117 788 2157 afflictus
803 2131 849 2157 cum

76 2170 239 2211 commilitonibus
249 2168 332 2222 quinque
342 2173 402 2208 noctu
411 2182 444 2221 per
452 2169 516 2210 lacum
525 2169 583 2211 lintre
592 2173 667 2221 missus,
678 2172 730 2224 qubd
738 2172 847 2224 regionum,

75 2229 95 2265 et
104 2225 195 2265 itinerum
205 2228 295 2278 expertus
310 2227 355 2273 erat,
365 2225 482 2273 nunciatum,
494 2230 566 2278 quanto
582 2227 603 2267 in
618 2227 725 2267 discrimine
740 2230 848 2266 versaretur

75 2294 115 2328 arx,
126 2284 145 2319 et
155 2279 166 2317 a
175 2279 279 2320 Catholicis
288 2280 404 2331 interceptus
419 2292 458 2319 una
472 2293 516 2319 cum
527 2281 583 2321 sociis
592 2282 657 2322 miritis
667 2282 777 2322 rurlneribus
786 2282 846 2321 inter-

74 2335 145 2374 ficitur.
173 2333 307 2374 Nihilominus
316 2334 377 2387 Angli
395 2335 525 2386 augustiarum
535 2337 583 2376 arcis
593 2337 670 2377 minime
680 2337 739 2377 nescii
747 2337 845 2389 suppetias

75 2391 103 2430 ire
112 2389 210 2429 festinant.
226 2389 298 2429 Carnes
308 2388 368 2438 salsae,
379 2403 443 2429 caseus
450 2404 520 2443 magna
530 2391 585 2444 eopia
594 2392 674 2432 biscocti
682 2392 736 2445 panis
745 2396 844 2445 parantur.

74 2444 189 2485 Praesidiarii
198 2443 269 2483 milites
278 2448 393 2484 evocantur:
403 2443 517 2484 lbernorum
525 2445 609 2487 delectus
618 2447 711 2497 habetur;
722 2461 745 2487 er
755 2446 845 2487 omnibus

74 2513 137 2552 nuper
147 2499 259 2551 conscriptis
269 2498 351 2548 lbernis,
362 2503 381 2538 et
390 2500 458 2551 Anglis
463 2499 585 2552 praesidiariis
595 2502 633 2541 duo
641 2502 706 2551 millia,
715 2506 734 2542 et
744 2501 845 2555 quingenti

75 2559 177 2608 coguntur,
188 2567 268 2607 quoram
278 2557 331 2594 erant
341 2554 414 2608 equites
431 2554 572 2607 quadringenti.
602 2556 639 2597 His
652 2558 755 2609 imperator
764 2556 844 2609 praefici-

74 2613 107 2649 tur
117 2609 214 2650 Henrieus
224 2608 295 2649 Duhus
304 2610 380 2663 Anglus
397 2622 453 2662 eques
463 2614 540 2649 auratus
550 2610 631 2663 Iphaliae
638 2612 757 2665 principatus
766 2611 845 2664 praefec-

74 2668 112 2713 tus,
124 2669 143 2705 et
159 2668 303 2705 castrametator
318 2663 368 2705 Fool
385 2665 439 2705 etiam
457 2664 539 2717 Anglus,
557 2666 580 2704 de
594 2680 675 2719 quorum
686 2666 765 2706 consilio
775 2667 845 2706 certior

73 2719 136 2760 lactus
147 2719 272 2768 O'Donellus,
278 2719 352 2772 legatos
363 2719 387 2759 ad
396 2720 486 2760 Tironem
496 2719 561 2769 mittit,
571 2720 702 2761 Protestantes
711 2721 846 2762 lnishellinnae

96 2854 109 2896 t
123 2855 221 2895 Occurred,
227 2854 318 2899 probably,
326 2855 378 2887 when
384 2855 413 2887 the
421 2853 580 2888 O’Neilsmarched
589 2860 606 2888 to
615 2855 667 2890 Kells
675 2856 709 2889 and
717 2855 775 2891 Stare.
786 2856 844 2901 April,

74 2898 122 2930 AD.
134 2903 181 2933 1595.
206 2900 254 2933 Four
261 2901 345 2938 Martem,
352 2912 369 2943 p.
382 2902 429 2933 1959.
453 2901 494 2941 Coc,
502 2910 519 2942 p.
527 2901 567 2933 406.

97 2944 106 2985 †
119 2943 209 2989 Probably
216 2944 234 2977 in
242 2945 300 2988 April,
314 2946 364 2983 1595,
372 2945 422 2977 uben
429 2944 484 2989 Hugh
495 2943 558 2979 O‘Neil
566 2946 608 2979 toolr
616 2945 729 2980 Blachuater
738 2946 789 2987 Fert,
800 2947 844 2985 oon,

73 2997 90 3030 p.
100 2989 134 3022 406
140 3003 145 3031 ;
159 3001 179 3022 or
187 2990 206 3023 in
216 2989 334 3029 issu-ltin,
343 3001 361 3034 p.
370 2991 409 3022 411.
