2237 3535
101 381 146 409 cnr.
157 368 195 420 vn]
310 382 338 409 aa
352 382 417 411 annno
433 383 557 414 onrrnnorn
571 380 679 410 ANNORUM·
834 371 873 410 147

100 478 151 519 Haec
165 478 255 532 cogitatio
275 477 376 529 Quintum,
396 484 415 520 et
436 479 543 521 Henricum
555 478 661 520 O'Nellum
671 477 765 518 lobannis
782 478 874 530 principis

98 533 154 583 filios,
165 536 184 573 et
193 533 264 573 Artnrn
273 533 357 575 Terentii
366 535 427 576 lilium
436 536 457 575 in
468 534 575 575 O'Nellum
584 534 651 573 movit.
671 532 744 573 Eadem
754 532 874 586 principatus

98 588 193 629 affectatio
203 588 291 629 incitavit
306 589 385 631 Nellum
402 590 532 631 O'Donellunr
551 593 679 642 cognomento
689 589 791 641 Asperum,
801 592 824 627 ut
841 587 874 627 ad-

97 658 164 684 versus
174 643 304 685 O'Donellum
319 644 448 699 belligerando
465 644 577 685 Tirconellae
591 643 688 684 excidium
700 644 770 684 afferet.
799 642 873 683 Eadem

97 699 193 740 aemulatio
203 699 313 752 Eugenium
321 700 471 741 O'Sullevanum
477 701 498 740 in
506 699 657 740 O'Sullevanum
666 698 759 739 Bearrnm
767 698 874 751 patruelem

96 754 180 808 impulit.
208 753 282 796 Eadem
292 756 361 809 cupido
370 756 476 797 Thadaeum
487 754 613 795 O’Ruarkum
627 754 649 794 in
659 753 784 795 O’Ruarlrum
793 753 873 793 fratrem

95 809 201 863 instigavit.
239 810 312 851 Eadem
328 811 387 851 libido
404 811 450 851 Mac
460 811 540 851 Gnirem
557 809 684 863 Angliensem
698 809 719 849 iu
736 809 781 849 Mac
791 808 873 848 [tuirem

95 864 207 905 stimulavit.
237 865 290 910 Quid
299 866 397 916 Florentii,
407 866 510 920 Dermysii,
519 864 607 906 Danielis
621 864 771 913 contentionem,
781 863 805 903 de
815 863 872 904 Olan-

95 919 168 966 cambae
176 920 286 975 principatu
295 921 390 961 referam?
419 921 473 965 Quid
487 934 591 961 memorem
608 919 694 960 Jaimum
708 918 830 960 Giraldinum
840 932 872 959 co-

94 974 162 1015 mitem
171 975 196 1016 ob
208 976 285 1016 alterius
295 976 309 1016 J
309 976 354 1017 armi
362 976 465 1017 factionem
474 976 547 1016 viribus
557 976 673 1016 destitutum
679 974 704 1015 tl
724 974 777 1018 Quid
785 977 871 1028 repetem

94 1033 183 1071 sexcenta
198 1030 255 1084 hujus
270 1032 298 1072 rei
314 1031 428 1084 exemplat
444 1030 501 1072 Certe
517 1030 584 1072 Iberni
599 1032 643 1080 mei,
659 1031 746 1084 quamvis
766 1028 870 1069 Catholicae

94 1084 145 1134 fidei,
162 1085 308 1139 Religionisque·
322 1086 391 1127 divinae
407 1085 467 1134 cultu,
485 1090 504 1127 et
527 1086 648 1126 observantia
664 1085 761 1139 plerisque
777 1084 870 1138 gentibus

93 1144 190 1191 praestent,
200 1142 258 1195 hujus
268 1145 331 1181 tamen
342 1140 387 1181 belli
396 1145 487 1194 tempore,
504 1141 592 1190 factione,
605 1141 689 1190 dissidio,
699 1141 810 1189 ambitione,
825 1153 868 1193 per-

93 1195 139 1236 fidia
147 1196 220 1246 Turcis,
231 1201 250 1237 et
259 1196 353 1236 haereticis
368 1196 446 1248 plurimi
456 1195 558 1236 deteriores
577 1196 662 1236 inerunt.
691 1195 767 1236 Idcirco
776 1195 818 1235 fieri
831 1194 868 1234 mi-

93 1250 145 1291 nime
154 1251 224 1304 potuit,
235 1251 282 1305 quin
292 1255 328 1299 tot,
338 1251 435 1303 tantisque
446 1249 545 1290 discordiis
554 1250 633 1290 Ibernia
642 1251 719 1304 penitus
730 1250 866 1290 devastaretur.

92 1304 151 1354 Nam,
161 1309 184 1345 ut
192 1305 293 1358 Evangelii
304 1305 352 1345 sacri
361 1304 438 1344 oraculo
447 1304 542 1357 proditur,
552 1304 630 1345 “Omne
639 1318 720 1357 regnum
727 1306 774 1345 inse
784 1304 868 1344 divisum

92 1359 230 1400 desolabitm?
253 1360 297 1412 Ego
307 1359 385 1412 quidem
394 1373 511 1412 magnopere
520 1359 585 1407 miror,
597 1359 649 1412 qubd
659 1358 733 1399 tamdiu
742 1362 772 1398 tot
782 1358 866 1407 dissidia,

91 1418 122 1454 tot
131 1415 187 1464 bella,
197 1419 227 1455 tot
241 1414 332 1454 incendia
344 1413 463 1453 sustinuerit
493 1413 552 1457 Quod
567 1414 611 1453 verb
629 1413 772 1454 Catholicorum
781 1414 868 1466 paucitas

91 1469 249 1519 Protest-antium,
259 1473 279 1508 et
287 1469 373 1521 ipsorum
390 1468 511 1508 auxiliarium
527 1468 671 1509 multitudinem
686 1482 735 1522 saepe
745 1468 869 1521 superaverit,

90 1523 162 1564 m'lites
172 1525 280 1564 semiermes
290 1522 384 1563 exercitus
394 1523 448 1563 omni
466 1537 536 1576 genere
546 1537 642 1564 armorum
651 1524 809 1564 instructissimos
823 1537 867 1576 pro-

90 1578 210 1630 fligaveriut:
226 1579 300 1631 exiguae
319 1578 463 1618 Catholicorum
482 1578 582 1619 facultates
602 1579 679 1632 Angliae
695 1579 767 1632 reginae
787 1577 866 1627 divitiis,

91 1637 149 1686 atque
159 1635 250 1686 potentiae
260 1648 320 1673 annos
338 1633 447 1685 quindecim
463 1633 581 1674 restiterint:
597 1648 620 1674 ex
629 1634 769 1687 angustissimis
780 1633 866 1673 exordio-

90 1702 134 1728 rum
144 1689 210 1728 rivulis
227 1688 299 1729 bellum
316 1691 385 1741 praeter
401 1688 487 1728 omnium
504 1689 614 1742 opinionem
624 1689 647 1729 eb
657 1688 795 1741 magnitudinis
805 1689 866 1728 incre-

90 1744 145 1793 verit,
156 1747 178 1783 ut
188 1745 227 1784 sint
236 1744 321 1784 haeretici
331 1743 409 1783 adducti
419 1743 440 1782 in
457 1744 559 1784 discrimen
575 1744 659 1784 lberuiee
673 1744 733 1784 totius
750 1743 866 1792 amittenda,

90 1812 131 1838 non
140 1800 178 1839 nisi
187 1799 280 1840 divinitus
290 1799 362 1838 factum
372 1798 430 1839 fuisse
441 1799 535 1838 existimo⁴

427 1998 485 2038 CAP.
501 1999 538 2038 vt.

190 2097 234 2136 Quis
241 2096 297 2130 fuerit
305 2107 366 2130 rerum
374 2101 430 2129 status
438 2097 457 2128 in
466 2096 537 2131 ibernia
545 2097 633 2130 bochello
642 2098 748 2143 incipiente?

89 2187 137 2228 Huc
143 2192 256 2243 tempestate
261 2190 332 2231 Daniel
339 2189 384 2230 blac
391 2189 462 2229 Oarrha
471 2189 592 2231 Olancarrhae
602 2192 698 2246 princeps,
709 2194 865 2248 atqueBelinsiae

89 2256 153 2283 comes
159 2246 217 2296 pacis,
221 2259 277 2299 quam
286 2245 332 2286 belli
338 2245 429 2298 cupidior,
433 2248 528 2298 aetateque
534 2260 634 2287 senescens
643 2248 752 2301 Auglorum
762 2251 866 2292 amicitiam

88 2297 170 2358 retinere
179 2302 232 2341 omui
242 2301 307 2342 studio
315 2300 427 2348 enitebatur,
434 2302 454 2339 et
459 2300 538 2354 insuper
546 2302 628 2354 opiparis
636 2303 727 2355 obsoniis,
735 2309 792 2359 atque
802 2306 864 2359 splen-

88 2351 139 2392 didis
149 2355 240 2395 conviviis
257 2356 334 2396 deditus
351 2354 489 2408 amplissimum
505 2357 643 2409 patrimonium
657 2359 739 2411 profusis
754 2361 865 2414 sumptibus

88 2406 222 2460 obliguriebat.
252 2410 312 2455 Quod
321 2411 405 2451 hominis
414 2410 515 2462 ingenium
526 2411 588 2465 Angli
602 2413 662 2466 probe
672 2416 750 2467 experti,
761 2416 810 2456 nihil
820 2430 865 2456 eum

87 2464 217 2514 persecutioni
227 2465 348 2507 obstaturum
357 2464 474 2514 metuebant,
485 2465 543 2505 modb
553 2468 617 2520 ipsum
627 2468 725 2509 Catholice
741 2471 804 2510 vivere
814 2471 864 2511 sine-

87 2519 137 2556 rent.
166 2518 301 2561 Fortissimum
319 2520 462 2561 Giraldinorum
479 2519 625 2562 Momoniorum
642 2538 702 2577 genus
718 2528 758 2565 erat
772 2539 822 2579 pene
832 2540 864 2566 ex-

86 2573 176 2613 tinctum.
208 2575 249 2616 Alii
266 2576 304 2617 duo
321 2576 415 2617 Momouii
430 2574 526 2628 principes
542 2582 631 2629 potentes
653 2579 728 2619 haeresis
748 2581 863 2634 contagione

90 2627 147 2679 (prob
161 2629 232 2683 pudor)
252 2631 386 2678 laborabantt
414 2629 555 2671 O'Sullevanus
574 2632 651 2674 Bearree
669 2635 763 2689 princepe,
783 2639 803 2676 et
823 2637 865 2690 ejus

110 2730 118 2746 *
130 2732 201 2766 Almost
209 2733 233 2767 all
241 2734 290 2767 these
299 2734 405 2768 dissensions
413 2744 444 2767 are
451 2732 553 2766 chronicled
561 2735 579 2768 iu
587 2736 618 2769 the
626 2736 677 2770 Fonr
686 2736 763 2771 Masters
770 2752 776 2781 ς
785 2739 800 2772 it
808 2740 822 2774 is
831 2743 864 2773 not

87 2777 147 2809 worth
155 2777 184 2810 the
193 2779 264 2812 trouble
271 2783 291 2812 to
299 2780 324 2813 fir
331 2780 378 2813 their
386 2781 441 2813 dates.

109 2817 124 2870 .†
138 2821 176 2855 One
184 2823 205 2856 of
209 2824 258 2857 these
266 2825 281 2857 is
291 2825 377 2869 certainly
383 2824 440 2858 Black
449 2822 532 2860 Thomas
540 2823 586 2858 Earl
594 2826 614 2859 of
622 2826 707 2866 Orrnond,
716 2828 755 2863 who
762 2841 797 2862 was
806 2835 825 2864 to
834 2830 864 2863 the

87 2863 136 2897 Irrsh
146 2866 242 2911 Catholics,
251 2870 318 2915 during
326 2870 356 2903 the
363 2870 419 2903 whole
427 2868 478 2911 reign
486 2867 507 2901 of
516 2867 617 2911 Elizabeth,
627 2873 674 2906 what
682 2873 708 2905 his
716 2876 863 2920 grand-hephes,

87 2907 119 2940 the
131 2910 170 2944 first
178 2912 231 2947 Dulce
240 2914 261 2947 of
272 2915 369 2954 Ormcnde,
381 2926 415 2948 was
430 2913 493 2956 during
501 2912 531 2946 the
546 2915 597 2959 reign
606 2917 627 2950 of
637 2918 710 2952 brunes
720 2921 734 2954 Ι.
744 2921 775 2954 &c
782 2922 813 2955 &c
825 2921 863 2955 The

88 2955 155 2987 second
163 2967 197 2989 was
207 2959 264 2992 either
273 2960 368 2994 Thomond
377 2971 397 2993 or
406 2958 505 3002 lnchiquin.
546 2970 547 2974 ¹
