2237 3535
280 375 320 413 245
386 377 541 418 *o'sunuuvnur
557 388 656 416 ursrounu
672 388 891 426 cuTHOLIOAE,TOM1H.
953 376 1003 428 [110.
1013 388 1051 414 vri.

278 498 314 525 nec
329 489 415 527 mortuos
433 501 477 527 suos
493 484 591 534 humandi,
606 498 642 524 neo
652 484 761 525 vulneratos
776 485 879 540 bajulandi,
889 488 911 525 ut
921 488 1051 534 consueverat,

278 540 360 582 facultas
370 542 409 582 fiat.
438 542 521 582 Tarrtum
532 539 625 594 caliginis,
639 542 658 578 et
668 538 791 581 tenebrarum
801 542 840 582 aeri
854 540 952 595 sulphurei
968 539 1052 593 pulueris

278 595 345 636 fumus
355 596 443 646 offundit,
455 601 477 636 ut
490 610 533 650 pars
549 599 629 647 utraque
644 593 704 647 partis
721 593 799 635 alterius
817 596 891 637 intuitu
900 609 950 648 saepe
959 595 1050 649 privetur.

278 649 384 704 Postquam
390 665 425 705 per
431 655 475 691 octo
485 650 606 691 continenter
615 649 670 689 horas
679 649 707 688 ita
720 650 850 700 contenditur,
861 651 885 692 ad
893 655 970 692 noctem
979 650 1000 689 iu
1011 650 1023 690 S
1035 650 1051 689 1-

278 719 321 745 vam
329 706 466 746 monachorum
476 704 535 756 (Ouili
542 719 568 744 na
575 703 684 755 Morraeh)l
694 702 834 745 O’Sullevanus
842 707 938 758 pervenit:
953 704 988 746 nbi
997 704 1051 758 ignes

277 760 411 800 instruuntur:
426 773 471 800 nam
481 758 539 799 simul
549 773 571 799 ac
587 772 653 812 pugna
669 758 762 808 cessabat,
778 760 840 813 frigus
856 762 928 815 hyemis
945 760 1051 802 durissimae

277 814 385 868 torquebat,
394 819 415 855 et
419 814 497 864 milites,
508 828 556 867 quos
565 817 610 867 post
619 814 689 853 famem
698 812 762 854 inedia
770 813 847 864 invasit,
855 816 947 867 cautibus,
955 819 974 857 et
983 815 1050 856 radici-

277 869 313 909 bus
322 868 430 919 herbarum,
439 869 567 923 arborumque
576 867 678 909 frondibus
686 872 797 909 vescuntur.

302 924 384 964 Postera
398 924 442 965 luce
458 924 604 977 procedentium
612 924 721 964 novissimis
731 923 830 964 ordinibus
846 924 946 967 hostilium
962 925 1049 967 bombar-

276 978 373 1019 dariorum
382 994 448 1033 pugna
457 980 517 1020 instat
527 979 588 1020 donec
602 978 627 1019 ad
636 978 787 1019 Dunochellium
798 979 854 1032 (Duu
864 980 910 1034 oigh
920 980 996 1034 chilh')†
1010 995 1049 1021 oas-

275 1034 343 1074 tellum
353 1034 410 1075 fuerit
419 1038 506 1083 ventum,
517 1035 569 1088 quod
578 1034 644 1074 cibum
653 1033 764 1074 inveniendi
777 1034 842 1088 cupidi
851 1035 921 1076 milites
931 1039 1048 1090 expugnant.

277 1088 378 1142 Quidquid
393 1093 433 1130 erat
449 1089 511 1143 parati
527 1089 572 1138 cibi,
590 1089 624 1142 qui
640 1089 697 1142 primi
713 1089 828 1142 irruperunt,
846 1090 933 1142 protinus
951 1091 1048 1131 devorant¹

210 1142 268 1184 [¹90d
276 1143 345 1185 (laeteri
361 1144 386 1185 ad
395 1145 461 1194 tritici,
478 1144 532 1194 fabae,
537 1146 545 1196 ll
558 1144 625 1184 hordei
634 1144 698 1196 granis
715 1144 831 1184 vescendum
840 1145 900 1185 instar
914 1145 992 1198 pecudis
1009 1159 1049 1185 sese

275 1203 364 1240 vertunt:
380 1201 502 1253 sarcinasque
509 1202 607 1253 portantes
617 1198 677 1239 millia
687 1213 778 1252 passuum
788 1199 863 1240 circiter
870 1200 939 1253 viginti
948 1201 1020 1240 emensi
1029 1201 1049 1240 in

275 1254 398 1307 suuehoder
408 1270 458 1309 pago
469 1254 575 1295 consident.
598 1253 643 1294 Hoc
651 1254 681 1295 die
688 1254 807 1306 Dermysr'uS,
814 1253 937 1296 O'Sullevani
944 1255 995 1295 filius
1002 1259 1050 1295 natu

274 1310 376 1360 secundus,
387 1324 459 1351 annum
469 1324 527 1363 agens
535 1309 642 1350 secuudum
651 1310 740 1364 pauperis
748 1309 814 1350 Bearri
820 1309 865 1350 fidei
871 1311 983 1351 commissus
993 1311 1049 1350 relin-

274 1365 345 1417 quitur,
358 1365 390 1418 qui
399 1366 410 1405 a
420 1365 535 1418 quibusdam
548 1364 646 1405 nobilibus
655 1364 704 1405 elam
713 1364 797 1405 nutritus
807 1364 885 1405 hiennio
894 1370 938 1418 post
946 1366 968 1406 in
978 1365 1049 1419 Hispa-

272 1420 324 1460 niam
333 1421 477 1461 transmittitur.

301 1475 355 1515 Hinc
364 1490 439 1516 summo
449 1490 506 1516 mane
522 1476 546 1516 ad
560 1474 629 1515 Felimi
643 1477 728 1515 montem
746 1474 820 1527 (Shebh
836 1474 919 1528 lleilimi)
931 1489 997 1515 versus
1012 1476 1049 1515 iter

272 1530 373 1583 arripiunt.
402 1530 448 1575 Qua
457 1531 518 1584 copim
529 1529 588 1583 longe
602 1530 683 1582 majores
698 1529 723 1570 ab
737 1528 832 1570 Urmouio
847 1531 916 1571 comite
925 1532 988 1570 missae
997 1531 1047 1570 viam

272 1584 368 1625 obsident.
397 1585 427 1626 lla
435 1600 456 1626 re
466 1586 543 1639 cognita
552 1584 662 1625 Catholicos
670 1585 740 1638 iugens
749 1589 812 1625 metus
819 1586 895 1625 invasit.
925 1585 976 1630 Quia
984 1589 1048 1625 tamen

272 1639 294 1679 eb
304 1654 335 1680 res
345 1643 386 1680 erat
402 1640 491 1689 deducta,
506 1646 529 1680 ut
538 1639 628 1680 hostibus
637 1639 746 1680 volentibus
762 1639 819 1680 inviti
828 1639 910 1693 praeliari
923 1644 1045 1693 cogerentur,

271 1694 314 1735 illos
324 1695 378 1747 prius
386 1695 464 1749 aggredi
474 1695 602 1735 constituunt.
632 1693 691 1738 Quod
700 1695 765 1735 hostes
775 1709 819 1735 oum
827 1695 969 1747 comperissent,
981 1696 1048 1748 majori

255 1770 256 1773 ¹
272 1763 342 1802 pavore
359 1751 441 1802 perculsi
453 1750 496 1790 loeo
514 1754 642 1790 excesserunt.
671 1749 767 1790 Caeterum
781 1749 831 1790 fame
847 1750 969 1791 vehementer
983 1751 1046 1803 oppri-

272 1814 336 1845 mente
345 1804 428 1846 Thomas
438 1805 518 1846 Burlrus
528 1808 547 1844 et
556 1803 628 1845 Daniel
637 1803 723 1844 O'Malla
730 1818 774 1845 oum
781 1803 878 1857 peditibus
892 1805 991 1859 sexaginta
999 1819 1047 1858 prae-

271 1859 321 1910 dam,
339 1859 428 1901 cibumve
443 1859 558 1914 quaeritandi
575 1873 638 1907 causa,
650 1858 773 1900 O’Sullevaui
788 1859 885 1913 injussuat
900 1860 930 1900 via
946 1860 1047 1913 paululum

271 1914 410 1969 digrediuntur.
448 1915 492 1956 Hos
509 1913 588 1968 repente
601 1914 666 1954 hostes
683 1914 752 1963 adorti,
769 1914 872 1954 Danielem
892 1929 935 1955 eum
952 1915 1046 1956 militibus

269 1970 338 2023 viginti
347 1970 470 2019 interficiunt,
478 1970 570 2010 Thomam
579 1969 663 2023 capiunt,
674 1973 752 2010 caeteros
761 1969 836 2023 fugant,
844 1984 892 2022 quos
903 1970 1046 2011 O’Sullevauus

270 2025 355 2066 subsidio
365 2026 443 2066 veniens
450 2026 540 2080 protexit,
551 2025 682 2078 Thomamque
689 2025 754 2064 statim
761 2024 826 2065 fractis
836 2025 918 2066 vinculis
925 2026 948 2065 ab
959 2025 1047 2066 hostibus

269 2080 376 2134 fugientem
390 2095 433 2121 cum
444 2081 498 2135 galea
513 2080 597 2134 quidem,
613 2079 647 2120 sed
661 2094 713 2130 ense,
731 2079 791 2130 hasta,
807 2080 928 2132 pugioneque
943 2080 1047 2133 spoliatum

269 2136 346 2190 recepit,
357 2140 377 2176 et
384 2136 404 2176 in
410 2136 530 2189 Leatrachab
538 2150 588 2189 pago
598 2135 685 2176 constitit
693 2152 697 2175 z
709 2134 743 2175 ubi
749 2135 771 2175 in
778 2134 877 2175 ecclesiam
885 2135 929 2175 satis
937 2140 1045 2189 angustam,

269 2190 348 2245 ejusque
356 2194 433 2245 xystum
443 2205 488 2231 snos
498 2191 581 2244 conjicit.
596 2189 670 2230 Eratin
677 2204 700 2231 eo
707 2204 757 2244 pago
764 2189 889 2238 castelluma
899 2204 936 2244 quo
946 2191 1046 2245 glandium

269 2259 329 2287 missu
337 2249 356 2286 et
367 2250 531 2300 propugnatorum
541 2246 642 2299 eruptione
649 2259 682 2299 per
691 2249 753 2286 totam
760 2248 836 2286 noctem
845 2244 952 2287 infestatur.
968 2246 1046 2287 Castelli

292 2416 300 2432 *
313 2413 352 2447 The
361 2413 428 2457 barony
436 2412 457 2446 of
467 2412 605 2457 Kflnamauagh,
613 2417 678 2457 eounty
686 2412 707 2446 of
717 2411 823 2457 Tippcrary.

292 2458 362 2502 tNow
375 2457 475 2499 Dunohill;
489 2457 586 2496 thesemo,
601 2458 709 2502 apparently,
724 2468 743 2491 as
757 2456 808 2491 Baile
822 2468 845 2490 na
859 2458 909 2491 eoille
923 2459 943 2492 of
952 2459 983 2492 the
997 2460 1045 2493 Four·

270 2506 353 2543 Musaeo,
362 2515 402 2537 now
409 2502 523 2547 Ballynahill,
531 2501 548 2535 in
556 2503 587 2535 the
601 2502 660 2546 parfsh
669 2503 690 2536 of
700 2503 763 2541 Teme,
771 2501 837 2546 barony
846 2502 867 2535 of
876 2503 1013 2548 Kilrramauagh,
1025 2516 1043 2548 p,

271 2552 321 2582 2314.
346 2549 450 2593 According
463 2553 482 2581 to
495 2547 526 2581 the
538 2547 587 2581 Four
602 2547 681 2587 Murteae,
695 2552 731 2581 two
747 2546 807 2590 nights
820 2558 865 2581 were
881 2553 931 2592 spent
946 2549 965 2582 in
982 2548 1044 2582 Kilna-

271 2594 352 2628 manaeh.

294 2621 336 2682 ‡I⁰t
346 2638 407 2672 would
419 2640 465 2672 have
478 2637 524 2671 been
537 2649 547 2670 a
560 2638 666 2682 retrograde
679 2636 747 2670 motion
761 2639 780 2668 to
794 2647 842 2671 come
857 2637 908 2671 down
922 2638 969 2671 from
982 2638 1044 2672 Kilna-

272 2685 375 2729 managbto
383 2684 467 2717 Sulehoid
476 2682 592 2728 (Solloghod)
607 2683 648 2716 four
662 2682 711 2715 miles
726 2681 830 2715 north-west
843 2683 865 2716 cf
874 2684 903 2716 the
915 2687 963 2716 town
971 2683 992 2716 of
1003 2684 1045 2729 Tip.

272 2741 341 2774 perary.
368 2729 406 2762 The
419 2730 468 2763 Four
482 2728 564 2770 Musteus,
579 2728 684 2762 withmere
698 2725 812 2770 consistency,
821 2729 871 2761 mark
885 2728 915 2762 the
928 2728 989 2761 fourth
998 2728 1045 2773 day's

273 2776 334 2809 march
342 2773 389 2807 from
397 2774 507 2819 Ardpntriek
515 2777 534 2807 to
544 2774 636 2814 Sulehoid,
645 2772 679 2806 und
692 2772 756 2804 thence
769 2777 811 2805 next
823 2774 855 2817 day
864 2773 967 2806 northward
975 2777 993 2807 to
1005 2774 1046 2808 Kil-

273 2819 377 2854 namanaoh.
685 2836 686 2839 =

296 2866 305 2907 ἓ
317 2846 422 2908 hatteragh,
431 2865 481 2909 eight
494 2864 543 2897 miles
557 2864 610 2898 south
624 2863 645 2896 of
654 2860 735 2904 Nenagh.
758 2860 813 2896 From
822 2862 909 2896 Sulchoid
919 2866 937 2896 to
947 2863 1046 2908 Latteragh

274 2921 296 2942 an
309 2909 409 2955 impossible
421 2909 468 2954 day's
482 2909 552 2943 moreh:
566 2920 608 2954 very
622 2907 694 2941 feasible
708 2906 754 2939 from
769 2906 905 2953 Kilnamauagh,
920 2919 963 2942 01011
978 2909 1020 2942 with
1036 2921 1046 2941 a

274 2954 328 2988 battle
337 2965 359 2988 on
368 2954 397 2987 the
406 2956 455 2988 read.
