2237 3535
77 385 120 413 oar.
136 369 174 421 iv]
295 383 321 410 na
335 382 400 410 santo
416 379 535 413 oorvnnorn
550 378 660 407 aaronem.
812 367 851 405 259

407 601 465 642 bar.
481 599 518 640 IV.

317 741 448 775 Momoniarurn
456 739 534 773 Urbium
542 742 605 772 motus.

77 881 127 921 Posr
134 879 230 920 lberniam
236 883 321 933 pacatam
328 882 417 922 interitus
426 880 539 921 Eliaabetha
548 879 626 933 Angliae
636 879 720 933 Reginae,
732 894 774 933 quae
784 882 849 934 paucis

78 939 121 976 ante
131 934 198 975 diebus
214 934 272 985 rabie,
288 939 306 976 et
321 935 433 989 ingentibus
450 935 566 976 cruciatibus
582 934 672 975 laborans
681 935 764 975 animam
773 935 849 986 efflavit,

77 989 192 1044 divulgatur.
222 989 267 1033 fluo
277 992 353 1044 cognito
365 991 461 1045 Manapia,
478 990 580 1038 Oorcacha,
591 989 742 1043 Lomnachaque
751 989 848 1032 111001001-

76 1059 130 1086 arum
139 1044 196 1085 urbes
207 1059 250 1086 cum
265 1046 368 1099 interjectis
385 1046 427 1086 aliis
443 1045 518 1099 oppidis
528 1046 612 1094 incertae,
623 1046 654 1085 cui
665 1045 746 1098 principi
756 1045 848 1087 deberent

76 1100 211 1154 obtemperare,
222 1100 322 1140 consilium
333 1101 369 1141 sibi
380 1102 480 1154 capientes,
492 1100 595 1141 Missurum
606 1100 698 1141 solemnia
711 1100 789 1154 publice
799 1101 847 1142 cele-

75 1156 135 1205 brare,
146 1155 274 1208 pristinosque
289 1156 337 1196 ritus
352 1156 488 1196 ecclesiasticos
499 1155 597 1196 observare
613 1160 686 1196 curant.
717 1155 776 1199 Quod
791 1158 847 1197 antea

75 1212 91 1250 si
100 1211 195 1260 fecissent,
206 1210 252 1250 dnm
262 1210 345 1251 ibernici
356 1216 459 1263 magnates,
470 1214 549 1263 totaque
558 1210 701 1251 Oatholicorum
707 1211 765 1251 factio
773 1211 847 1258 viribus

74 1264 164 1318 pollebat,
174 1265 234 1318 Angli
240 1270 282 1306 toto
291 1280 351 1319 regno
361 1266 412 1319 pulsi
421 1266 508 1305 fuissent.
537 1266 591 1305 Tunc
602 1279 647 1305 vero
657 1266 748 1319 temporis
762 1266 845 1316 deerant,

74 1320 164 1373 aquibus
171 1321 289 1374 juvarentur,
300 1320 482 1369 et²defenderentur,
493 1319 538 1360 solae
553 1335 597 1360 vero
612 1321 745 1361 haereticorum
754 1322 846 1374 potentiae

74 1375 176 1416 obstaturae
191 1391 231 1416 non
245 1375 365 1424 videbantur,
382 1375 434 1428 quod
444 1379 463 1414 et
472 1376 500 1414 rei
510 1376 571 1415 exitus
581 1374 675 1427 probavit.
704 1375 795 1429 Namque
804 1378 845 1417 An-

74 1431 117 1484 gliae
132 1431 232 1471 consilium
248 1430 343 1470 Jacohum
361 1429 489 1470 Steuuardum
507 1430 575 1470 scotia
598 1443 664 1482 regem
679 1430 701 1469 in
718 1445 775 1470 suum
789 1431 846 1472 etiam

73 1500 137 1538 regem
147 1500 221 1526 summa
231 1485 326 1526 celeritate
337 1485 410 1525 ascivit.
440 1484 499 1527 Quod
509 1484 576 1537 procul
591 1484 651 1524 dubio
661 1498 761 1538 nunquam
770 1486 846 1526 fecisset

71 1545 149 1595 propter
159 1541 298 1594 antiquissimas
307 1540 423 1589 inimicitias,
434 1553 477 1592 quae
491 1539 561 1592 Anglis
578 1553 621 1579 eum
640 1539 701 1579 Sectis
717 1540 845 1590 intercedunt,

71 1596 109 1636 nisi
117 1595 238 1649 intelligeret,
249 1595 341 1648 Angliam
350 1608 435 1635 errorum
450 1594 567 1634 domicilium
577 1608 617 1635 non
631 1593 685 1634 ahter
694 1594 715 1635 in
725 1609 760 1635 sua
769 1597 846 1637 vesania

71 1652 130 1691 fuisse
140 1650 285 1698 defendendam,
295 1664 335 1690 non
351 1649 439 1703 ignarum
456 1648 539 1699 Ibernis,
549 1649 583 1702 qui
596 1662 696 1703 nunquam
706 1650 718 1689 a
727 1650 765 1690 fide
774 1650 844 1691 Catho-

71 1705 107 1746 lica
124 1706 219 1755 deterreri,
237 1710 256 1745 et
272 1706 293 1745 irr
308 1705 419 1757 Anglorum
433 1704 548 1745 sententiam
563 1703 608 1745 duci
624 1709 735 1758 potuerunt,
746 1709 765 1745 et
776 1706 844 1756 Sectis,

72 1775 154 1814 quorum
162 1762 204 1814 regi
213 1760 289 1814 Angliae
299 1765 396 1813 sceptrum
402 1759 521 1799 haereditario
529 1760 572 1813 jure
580 1759 644 1799 deberi
654 1758 760 1809 videbatur,
768 1760 844 1801 duabus

72 1815 201 1857 bellicossimis
211 1815 300 1869 gentibus
310 1814 468 1868 repugnantibus
479 1828 523 1854 curn
532 1814 604 1867 Anglia
614 1813 663 1854 male
673 1815 731 1855 fuisse
741 1815 843 1868 agendum,

73 1886 115 1924 quae
131 1871 198 1925 priscis
215 1884 291 1923 quoque
306 1869 426 1921 temporibus
445 1869 519 1909 devicta
538 1868 575 1909 illis
595 1869 739 1923 obtemperavit.
769 1870 843 1910 Jacobo

72 1929 167 1979 sceptrum
184 1929 261 1965 tenente
280 1923 359 1963 Carolus
378 1924 463 1963 Bluntus
482 1937 526 1963 oum
549 1924 602 1976 regio
624 1924 708 1964 exercitu
729 1924 843 1966 Dnbhlinna

71 1980 182 2035 Manapiam
207 1980 265 2019 venit.
298 1978 331 2018 Ad
347 1992 405 2031 quem
424 1978 522 2018 Johannes
538 1978 612 2019 1111001
631 1979 721 2019 Sacerdos
740 1979 843 2032 theologiae

72 2036 138 2076 doctor
160 2036 181 2075 irr
204 2037 265 2074 castra
288 2047 333 2073 cum
356 2033 450 2086 legatione
475 2033 566 2086 Manapia
588 2034 665 2082 missus,
689 2034 774 2074 crucifixi
802 2034 842 2075 Do-

71 2091 119 2139 mini
141 2090 244 2142 imaginem
267 2102 341 2141 gerens,
365 2092 385 2128 et
409 2087 516 2136 ostendens,
540 2089 617 2142 proregi
640 2089 745 2138 confirmat,
774 2090 842 2131 Mana-

70 2146 112 2199 pios
128 2144 177 2184 nulli
200 2143 287 2198 principi,
312 2143 345 2196 qui
368 2142 487 2183 Catholicam
509 2143 621 2197 religionem
640 2148 701 2192 vexet,
722 2148 741 2184 et
765 2145 843 2197 affligat,

69 2200 151 2241 libenter
169 2199 339 2252 obtemperaturos.
376 2198 402 2238 In
421 2197 500 2238 eandem
519 2199 634 2239 sententiam
652 2198 738 2252 loquitur
756 2199 789 2240 llr.
803 2200 843 2241 Ed-

69 2254 153 2295 mundns
183 2253 350 2295 O’Keallaehanus
376 2252 442 2293 ordine
472 2253 511 2293 divi
541 2253 645 2302 Dominici,
676 2254 705 2294 vir
735 2255 843 2305 sanctitate,

70 2314 90 2350 et
113 2311 192 2351 seientia
220 2309 306 2363 insignis,
332 2312 350 2348 et
374 2309 431 2348 frater
462 2307 561 2349 Candidus
589 2323 613 2349 ex
637 2309 703 2349 ordine
732 2310 772 2350 divi
795 2310 842 2351 Ber-

69 2365 124 2406 nardi
142 2365 171 2404 vir
190 2365 267 2406 hercule
285 2378 324 2404 non
340 2363 398 2403 modo
414 2363 497 2413 nomine,
513 2364 619 2405 sedetiam
639 2364 730 2414 doctrina,
750 2365 839 2418 pietatell
850 2369 908 2411 [aaa]

69 2419 160 2469 moribus,
171 2420 270 2461 candidus.
298 2419 383 2459 Bluntus
390 2433 424 2470 pro
434 2419 527 2472 temporis
537 2420 637 2472 angustiis,
648 2424 667 2459 et
676 2420 788 2460 necessitate
799 2434 841 2473 quae

70 2476 133 2517 animo
143 2476 233 2528 agitabat,
251 2474 377 2523 dissimulans,
394 2473 462 2513 leviter
476 2473 581 2526 religiosos,
598 2479 619 2514 et
635 2474 731 2515 doctorem
750 2478 840 2524 tractans,

69 2531 175 2584 blandeque
191 2530 313 2584 respondens,
333 2528 450 2582 Manapiam,
466 2532 486 2568 et
505 2529 542 2570 alia
560 2529 635 2570 minora
651 2529 721 2582 oppida
739 2530 806 2582 recipit
820 2532 841 2571 in

70 2587 191 2628 deditionem.
221 2585 312 2626 Corcachi
331 2585 393 2638 majus
412 2597 460 2624 onus
476 2584 498 2623 in
514 2584 552 2625 hoc
570 2584 680 2636 interregno
699 2583 840 2625 sustinuerunt.

69 2641 159 2696 Namque
168 2641 277 2695 Anglorum
291 2639 380 2693 praesidio
400 2638 478 2692 expulso
498 2653 542 2679 oum
561 2638 753 2679 CaroloWulmonto
764 2639 840 2681 hlomo-

68 2698 143 2738 uiarum
159 2700 275 2751 propraetore
285 2696 365 2744 eminus,
376 2694 468 2742 cominus,
480 2693 503 2733 de
519 2694 621 2742 maenibus,
631 2707 666 2746 pro
680 2707 741 2742 muro,
752 2694 841 2748 inportu

91 2827 98 2842 *
111 2825 171 2859 White
179 2830 235 2859 wrote
244 2821 266 2858 an
274 2827 350 2857 account
358 2823 378 2856 of
388 2821 418 2854 the
430 2822 489 2854 revolt
497 2820 518 2854 of
527 2822 557 2854 the
565 2820 612 2853 Jrish
621 2824 683 2854 towns.
709 2822 726 2855 A
735 2823 840 2857 translation

69 2870 88 2902 of
98 2871 128 2903 the
136 2875 207 2914 greater
215 2875 256 2915 part
265 2870 285 2903 of
293 2870 309 2903 it
316 2880 352 2902 was
359 2867 436 2901 inserted
443 2866 466 2910 by
474 2866 505 2899 the
513 2866 571 2899 editor
582 2866 600 2898 in
609 2865 678 2910 Duffy's
688 2866 771 2901 Gatholic
780 2869 841 2913 Maga-

69 2915 112 2948 nine.
136 2916 174 2948 The
181 2920 238 2949 towns
246 2915 281 2948 had
289 2915 333 2948 been
346 2913 392 2958 legal
407 2912 471 2955 during
478 2911 509 2944 the
517 2911 572 2944 whole
582 2911 603 2944 of
609 2911 716 2945 Elizaheth's
725 2913 788 2958 reign,
801 2914 839 2955 but,

69 2970 87 2992 as
95 2961 151 3002 usual,
160 2961 206 2994 their
215 2961 290 2994 services
298 2970 345 2993 were
354 2958 443 3003 forgotten
452 2957 501 2990 when
509 2956 539 2990 the
548 2957 615 3002 danger
624 2957 659 2990 had
666 2958 734 3002 passed.
