2237 3535
72 452 115 481 oar.
130 435 178 487 vra]
300 449 326 476 on
341 449 404 477 annac
419 447 537 480 curunrom
552 446 659 475 1111011011,
800 439 841 477 263

70 546 126 582 libere
136 544 244 579 Catholicam
251 545 354 591 religionem
367 546 453 591 profiteri,
467 554 520 588 quarn
534 542 633 577 libertatern
641 544 665 583 vi,
673 546 692 576 et
702 544 757 587 armis
771 544 840 590 Angliae

70 593 132 637 regina
146 595 219 623 conatur
227 590 301 635 eripere.
323 592 366 625 Duo
373 602 420 624 nunc
434 590 482 623 circa
494 589 528 621 hoc
541 588 607 621 bellum
614 589 633 622 in
641 588 714 622 dubium
721 595 840 624 revocantur.-

70 639 146 671 alterum
154 640 185 674 est,
194 647 216 669 an
223 636 275 669 liceat
284 636 380 670 Catholicis
388 635 457 669 Ibernis
465 633 549 678 praedicto
557 633 632 678 principi
640 633 714 679 Hugoni
728 634 746 667 in
760 646 781 669 eo
793 636 839 669 bello

70 683 130 716 favere
143 681 202 720 armis,
214 685 232 713 et
240 682 377 726 quibuscumque
388 681 426 714 aliis
433 679 505 713 modis?
528 678 611 712 Alterum
617 693 622 721 ;
635 691 658 713 an
670 679 735 712 eisdem
744 679 840 714 Catholicis

70 728 123 761 liceat
130 737 209 769 pugnare
216 730 279 760 contra
291 727 385 771 praefatum
393 725 491 771 principem
506 722 551 756 citra
561 725 636 757 mortale
643 729 742 769 peccatum,
751 730 770 758 et
777 725 841 770 Anglis

70 774 88 805 in
100 783 120 804 eo
129 771 175 803 bello
182 770 242 804 favere
249 772 307 813 armis,
314 776 332 805 et
341 772 401 815 quavis
413 771 448 803 alia
458 769 542 802 ratione?
553 769 656 812 praesertim,
665 780 705 802 cum
713 770 728 803 si
736 771 799 815 Anglis
807 772 841 804 hoc

71 816 131 851 auxilii
144 827 198 860 genus
211 821 281 860 negent,
294 817 387 850 manifesto
401 817 441 849 vitae
449 814 535 859 periculo,
543 818 575 846 aut
582 815 674 848 amittendi
682 815 729 847 bona
736 817 841 860 temporalia

70 872 107 895 sese
114 866 207 904 exponant.
231 861 258 894 Et
265 860 351 906 praeterea
358 873 399 895 cum
406 860 448 905 ipsis
461 859 558 893 Catholicis
570 858 644 892 Iberniae
653 871 663 892 a
672 860 745 893 Summo
754 861 841 895 Pontifice

71 907 94 940 sit
101 906 211 950 permissum,
218 911 240 939 ut
255 908 322 950 possint
334 907 423 951 praedictae
436 905 503 950 reginae
510 904 581 948 Angliae
595 904 672 943 obedire,
680 916 706 946 ac,
715 910 736 938 ut
744 906 841 950 legitimam

70 953 155 995 reginam,
163 951 231 984 tributa
237 951 263 984 illi
271 952 362 990 soluendo,
369 961 502 995 recognoscere,
516 949 599 982 videntur
606 949 626 982 id
633 954 716 993 praestare
728 961 785 994 posse,
794 952 841 995 quod

70 996 180 1030 subditorum
188 1001 220 1035 est,
228 1008 307 1041 pugnare
319 997 387 1030 scilicet
395 997 478 1029 adversus
486 994 552 1039 reginae
564 994 645 1032 rebelles,
653 994 683 1038 qui
691 994 769 1028 debitam
777 996 793 1029 ei
800 996 841 1029 obe-

71 1042 154 1075 dientiam
167 1046 236 1085 negant,
250 1047 268 1075 et
282 1046 348 1075 terram
360 1041 408 1074 illius
422 1040 485 1074 ditioni
498 1039 596 1073 subiectam
609 1039 791 1083 usurpareridentur.
814 1041 841 1075 Ut

69 1086 140 1130 utrique
149 1087 238 1129 quaestioni
246 1087 324 1126 satisfiat,
332 1091 422 1131 tamquam
430 1089 498 1119 certum
506 1089 534 1118 est
541 1085 668 1128 accipiendum,
680 1095 731 1128 posse
739 1085 840 1119 Romanum

70 1131 174 1164 Pontificem
181 1131 222 1164 fidei
230 1132 334 1171 desertores,
342 1136 361 1164 et
368 1142 403 1172 505,
411 1131 441 1175 qui
448 1130 558 1164 Catholicam
563 1130 667 1174 religionem
672 1135 780 1175 oppugnant,
787 1132 840 1165 armis

69 1176 179 1219 compellere,
194 1188 213 1209 ac
228 1188 315 1216 coercere,
329 1188 369 1209 cum
382 1176 417 1209 alia
424 1176 470 1208 ratio
479 1187 514 1208 non
522 1179 604 1219 suppetat
612 1180 662 1208 tanto
672 1175 718 1208 malo
727 1177 837 1210 occurrendi.

69 1221 105 1254 Est
112 1225 210 1265 praesterea,
218 1226 239 1254 ut
246 1222 315 1255 firmum
323 1221 471 1260 constituendum,
480 1220 550 1265 Angliae
558 1220 637 1265 reginam
650 1220 761 1254 Catholicam
768 1221 839 1266 religio·

69 1277 109 1299 nem
123 1277 229 1311 oppugnare,
243 1278 275 1299 nec
289 1266 392 1310 permittere
406 1266 480 1299 Ihernos
494 1265 604 1299 Catholicam
617 1265 670 1298 fidem
683 1265 753 1309 publice
767 1267 837 1309 oolere;

69 1312 163 1355 eademque
176 1312 197 1344 de
210 1323 263 1344 causa
275 1312 380 1355 praedictum
387 1311 490 1355 prinoipem,
498 1315 516 1343 et
524 1315 565 1344 ante
573 1321 613 1343 eum
621 1310 670 1349 alios,
679 1321 722 1354 quos
730 1311 838 1355 Apostolicae

68 1356 132 1389 litterae
141 1356 234 1390 Clementis
244 1356 307 1390 Octavi
315 1361 459 1396 commemorant,
467 1355 533 1388 bellum
541 1356 624 1388 adversus
630 1355 794 1400 illamsuscepissed
803 1356 837 1390 His
845 1358 904 1401 [203]

68 1401 93 1433 ita
102 1401 207 1442 constitutis,
215 1401 266 1434 facile
274 1402 331 1445 prima
339 1401 412 1445 quaestio
420 1400 519 1444 expeditur.

92 1453 144 1487 Citra
151 1454 262 1498 quaestionem
270 1465 345 1497 namque
352 1458 384 1494 est,
392 1464 442 1497 posse
450 1463 568 1496 quoscumque
577 1452 678 1486 Catholicos
685 1453 733 1486 dicto
740 1454 815 1498 principi
820 1454 839 1487 in

68 1499 152 1542 praedioto
161 1499 205 1532 bello
213 1499 279 1538 favere,
286 1499 339 1542 idque
351 1509 416 1542 magno
430 1509 471 1530 cnm
483 1497 555 1538 merito,
563 1502 581 1529 et
589 1509 619 1541 spe
630 1498 706 1530 maxima
716 1499 838 1532 retributionis

68 1549 147 1577 aeternae:
161 1555 200 1577 cum
208 1544 254 1576 enim
261 1544 356 1587 praedictus
369 1543 451 1586 princeps
458 1542 525 1575 bellum
536 1547 587 1586 gerat
597 1542 705 1575 authoritate
714 1543 784 1576 Summi
792 1544 839 1577 Pon-

67 1589 119 1622 tificis
126 1589 148 1622 ob
158 1589 241 1621 tuendam
249 1589 352 1633 religionem
362 1587 478 1625 Catholicam,
486 1587 510 1620 ad
520 1587 573 1631 idque
581 1598 621 1620 eum
629 1587 712 1621 Pontifex
722 1599 802 1632 persnas
810 1589 840 1622 lit-

68 1638 115 1667 teras
123 1634 233 1672 adhortetur,
247 1638 265 1666 et
278 1644 336 1666 omnes
351 1632 419 1666 Christi
432 1632 498 1671 fideles,
511 1636 532 1665 111
544 1643 566 1664 ex
574 1631 612 1675 ejus
620 1632 684 1665 litteris
693 1638 774 1667 constat:
786 1639 838 1678 atque

67 1679 143 1723 principi
150 1679 168 1712 111
176 1690 196 1711 50
209 1678 255 1711 hello
269 1678 348 1711 faventes
362 1678 422 1710 multis
435 1677 498 1721 gratiis
511 1682 634 1721 prosequatur,
643 1688 663 1710 ac
676 1677 690 1721 si
697 1678 763 1711 bellum
776 1685 839 1713 eontra

68 1724 137 1756 Turcas
144 1727 232 1768 gererent,
240 1734 291 1756 nemo
302 1723 345 1766 jure
353 1722 466 1761 dubitaverit,
475 1726 493 1755 et
501 1727 601 1766 susceptum
615 1722 681 1756 bellum
685 1722 755 1765 justum
767 1735 810 1764 esse,
820 1730 838 1757 et

67 1770 126 1812 magni
135 1780 171 1802 esse
178 1768 237 1801 meriti
250 1780 283 1812 pro
293 1767 385 1801 Catholica
392 1768 483 1812 religione,
491 1778 530 1811 quae
538 1767 616 1800 omnium
624 1768 720 1801 maximum
728 1768 793 1803 bonum
805 1775 837 1809 est,

67 1814 133 1847 tuenda
140 1825 224 1858 pugnare.

90 1860 124 1892 Est
138 1859 189 1891 etiam
204 1859 225 1891 de
239 1858 314 1890 secunda
327 1857 423 1900 quaestione
437 1857 507 1890 omnino
523 1861 598 1896 eertum,
614 1868 643 1890 eos
660 1869 719 1891 omnes
736 1858 836 1893 Catholicos

67 1915 140 1948 peccare
152 1903 256 1942 mortaliter,
265 1902 294 1946 qui
302 1902 403 1945 Anglorum
412 1906 470 1934 castra
476 1906 538 1935 contra
545 1902 650 1945 praedictum
657 1903 754 1947 principem
762 1915 836 1948 sequun-

67 1955 103 1988 tur,
111 1960 144 1981 nec
157 1959 208 1992 posse
221 1947 260 1979 illos
274 1950 357 1980 aeternam
369 1946 444 1979 salutem
458 1946 546 1989 consequi,
560 1957 592 1979 nec
600 1947 622 1979 ab
630 1947 667 1981 ullo
679 1949 789 1982 sacerdotea
799 1950 835 1982 suis

66 1994 143 2038 peccatis
151 1992 221 2033 absolvi,
229 1992 263 2024 nisi
270 1991 318 2035 prius
325 1991 435 2034 resipiscant,
443 2002 464 2023 ac
472 1995 531 2024 castra
541 1991 642 2034 Anglorum
650 1992 737 2026 deserant,
751 1993 835 2039 Idemque

67 2040 88 2072 de
96 2039 130 2071 illis
139 2038 242 2071 censendum
251 2044 283 2075 est,
291 2036 320 2079 qui
334 2036 394 2074 armis,
402 2040 420 2069 et
433 2036 559 2068 commeatibus
572 2037 591 2068 in
604 2047 625 2069 eo
637 2036 683 2070 bello
693 2038 761 2083 Anglus
769 2039 834 2079 favent,

67 2084 94 2116 vol
103 2083 144 2127 quid
153 2082 207 2115 simile
215 2081 296 2114 tribuunt
307 2085 372 2124 praeter
387 2091 407 2113 ea
421 2080 489 2113 tributa
503 2085 591 2118 consueta,
602 2092 640 2124 quae
654 2093 676 2114 ex
683 2083 751 2116 Summi
759 2084 834 2118 Pontifis

66 2128 181 2172 indulgentia,
189 2131 207 2159 et
214 2126 327 2170 permissione
342 2125 367 2158 eis
380 2125 422 2157 licet
434 2125 499 2169 reginae
511 2125 582 2170 Anglia‚
591 2130 623 2160 aut
631 2126 669 2169 ejus
677 2130 789 2163 exactoribus
801 2130 834 2163 sol-

66 2185 112 2214 vere,
137 2173 179 2206 Haec
187 2171 260 2204 assertio
268 2171 300 2203 hac
314 2170 424 2213 apertissima
435 2170 505 2203 ratione
517 2170 637 2204 confirmatur.
662 2172 750 2211 Quoniam
763 2186 795 2219 per
805 2176 835 2209 lit-

66 2223 113 2251 teras
124 2217 191 2250 Summi
199 2216 291 2248 Pontificis
299 2216 341 2248 satis
355 2219 382 2247 est
396 2219 512 2258 compertum,
521 2215 590 2259 Angliae
603 2216 688 2260 reginam,
697 2222 715 2250 et
729 2219 767 2261 ejus
775 2220 835 2254 Duces

66 2263 131 2296 bellum
138 2272 199 2306 gerere
213 2260 298 2304 injustum
310 2264 373 2293 contra
386 2260 490 2303 praedictum
503 2260 607 2305 principem,
618 2266 636 2294 et
644 2273 679 2302 eos,
688 2264 718 2306 qui
731 2264 757 2297 illi
768 2265 834 2299 favent.

67 2308 118 2340 Cum¹
128 2306 173 2339 enim
189 2305 271 2339 Pontifex
287 2306 334 2338 dicat
350 2305 418 2348 Anglos
434 2305 519 2338 adversus
540 2305 650 2339 Catholicam
670 2308 773 2353 religionem
791 2322 835 2355 pug-

65 2363 114 2392 nare,
138 2362 200 2395 eosque
228 2362 264 2383 non
292 2350 355 2389 minus,
379 2361 399 2382 ac
424 2350 492 2383 Turcas
521 2352 620 2396 oppugnari
643 2352 712 2393 debere,
736 2355 835 2400 eisdemque

65 2396 127 2441 ‘gratiis
136 2407 164 2428 eos
178 2400 298 2440 oppugnantes
311 2399 434 2438 prosequatur,
449 2395 512 2439 quibus
527 2401 589 2429 contra
602 2397 671 2431 Turcas
683 2404 781 2443 pugnantes
794 2412 835 2445 pro-

66 2441 152 2486 sequitur,
166 2441 204 2484 quis
217 2440 291 2479 dubitet,
305 2440 370 2473 bellum
379 2440 400 2472 ab
408 2440 472 2484 Anglis
481 2440 564 2474 adversus
573 2442 671 2476 exercitum
679 2440 792 2478 Catholicam
798 2457 834 2479 om-

65 2486 191 2529 ninoiniquam
199 2486 251 2530 geri?
274 2486 300 2518 At
313 2484 379 2518 nemini
392 2484 434 2517 lieet
446 2485 507 2529 iniquo
520 2486 566 2520 bello
579 2487 644 2526 favere,
659 2493 689 2521 aut
696 2488 722 2521 illi
734 2490 793 2523 adesse
801 2492 834 2524 sub

65 2543 116 2575 poena
128 2536 196 2564 aeternae
205 2530 325 2564 damnationis.
349 2529 428 2562 Peccant
434 2541 477 2574 ergo
490 2531 593 2575 gravissime
606 2532 699 2575 Catholici,
708 2534 738 2577 qui
746 2534 834 2569 incastris

66 2577 188 2609 haereticorum
202 2580 265 2608 contra
278 2575 383 2619 praedictum
396 2574 493 2618 principem
507 2582 587 2621 pugnant
595 2577 613 2610 in
620 2577 666 2610 bello
674 2583 734 2622 aperte
742 2579 807 2624 iniquo,
816 2586 834 2614 et

65 2621 139 2664 injusto,
147 2626 165 2654 et
173 2631 237 2660 omnes,
245 2620 275 2664 qui
283 2621 338 2653 eidem
346 2620 392 2653 bello
400 2619 459 2652 favent
467 2621 527 2660 armis,
536 2627 567 2654 aut
574 2622 704 2664 commeatibus,
712 2628 744 2656 aut
751 2636 834 2668 quacum-

66 2677 99 2709 que
107 2667 141 2700 alia
148 2667 221 2706 ratione,
229 2677 267 2709 quae
275 2677 306 2710 per
315 2665 380 2698 sebelli
388 2675 500 2709 progressum
507 2665 577 2709 juvent,
583 2679 615 2701 nec
620 2672 690 2711 possent
695 2669 783 2703 rationem
789 2671 834 2705 inire

65 2711 179 2745 indifferentis
187 2710 270 2755 obsequii.

67 2794 68 2797 Ἴ
89 2757 128 2791 Nec
142 2768 171 2791 eos
184 2756 276 2801 quicquam
282 2755 333 2799 juvat
341 2754 452 2799 Apostolicas
460 2754 529 2788 litteras
537 2757 652 2801 surreptionis
660 2762 721 2792 notare
729 2773 733 2791 1
745 2762 834 2805 surreptio

66 2801 111 2834 enim
119 2803 224 2836 intervenire
230 2813 266 2834 non
273 2805 337 2844 potest,
346 2800 376 2833 ubi
384 2799 431 2832 nulla
439 2804 524 2833 narratur
531 2802 594 2845 petitio
602 2814 668 2841 eorum,
677 2803 694 2836 in
702 2815 779 2848 quorum
786 2807 834 2840 favo-

65 2856 103 2878 rem
111 2848 209 2892 expeditur.
233 2848 260 2881 Aa
269 2846 351 2879 Summus
366 2844 449 2878 Pontifex
461 2850 522 2888 aperte
530 2847 548 2878 in
556 2847 590 2880 illis
599 2848 650 2881 docet
658 2859 681 2887 se,
689 2853 707 2881 et
715 2854 834 2885 antecessores

66 2900 106 2923 suos
114 2896 175 2936 sponte
184 2893 285 2926 exhortatos
293 2891 346 2924 fnisse
360 2890 384 2923 ad
396 2889 441 2922 illud
448 2889 514 2923 bellum
526 2893 623 2935 gerendum
631 2893 704 2927 Ibernos
711 2895 805 2941 principes,
813 2909 834 2931 ac

65 2934 125 2968 fideles
134 2948 203 2971 omnes:
216 2942 234 2969 et
243 2937 265 2970 ad
273 2948 302 2970 eos
310 2934 366 2980 magis
373 2934 493 2979 provocandos
501 2936 569 2979 magnis
578 2948 608 2971 eos
615 2938 683 2983 gratiis,
692 2951 712 2972 ac
720 2939 834 2986 indulgentiis

66 2980 124 3014 donat.
149 2982 184 3020 Qui
190 2994 233 3027 ergo
245 2982 284 3015 fieri
291 2983 355 3027 potest,
364 2985 385 3013 nt
392 2979 498 3024 surreptitiae
507 2980 542 3013 sint
554 2981 625 3022 litterae,
634 2995 672 3028 quae
683 2984 739 3018 solam
752 2988 841 3021 exhorta-¹

65 3024 131 3058 tionem
143 3028 209 3071 magnis
223 3027 285 3071 gratiis
299 3038 342 3071 erga
353 3025 466 3059 assentientes
475 3025 582 3060 cumulatam
589 3029 691 3063 continent?
714 3030 754 3064 Nec
761 3037 834 3076 possunt
