2237 3535
261 387 303 426 121
410 387 543 429 o’sumnvavr
557 398 660 426 ursrornm
674 399 799 437 carnariam,
813 400 854 428 1111
860 399 884 427 11.
944 386 1034 438 [11111.

260 494 296 535 ulli
312 496 413 544 secundus,
430 497 495 536 rhetor
510 494 666 548 eloquentissimo
686 496 756 549 cuique
768 512 808 551 par,
818 497 914 551 plerisque
921 496 1037 550 jurisperitis

261 552 355 604 superior,
380 550 474 602 theologis
490 550 555 603 paucis
572 550 651 590 interior
669 551 756 592 evaserit.
793 552 867 593 Doctor
885 553 906 592 in
924 551 1036 604 Theologid,

262 606 349 659 dureque
358 611 439 657 utroque
449 610 524 644 creatus
534 619 594 645 annos
609 607 692 657 quatuor
700 604 753 657 leges
762 605 853 648 Lovaniae
862 607 939 662 publice
949 606 1036 647 dietavit.

262 661 312 700 Inde
329 674 373 700 cum
389 660 417 699 vir
433 659 526 712 praeditus
542 660 572 700 his
589 660 661 700 artibus
676 659 784 711 conjunctis
801 675 846 702 cum
860 663 939 703 mirifica
953 661 1036 715 qutdam

262 716 328 756 formae
345 717 424 763 statura,
435 719 455 754 et
472 715 530 754 animi
540 715 639 768 gravitate,
657 718 676 754 et
690 715 789 766 majestate
806 730 866 757 annos
882 718 954 771 aliquot
968 716 1036 756 Romae

262 771 337 822 egisset,
348 768 419 821 dignus
435 769 529 822 Gregorio
545 770 627 810 Decimo
636 769 693 809 tertio
707 769 799 810 Pontifici
808 771 896 813 Maximo
906 773 957 813 visus
967 775 1002 820 est,
1014 777 1036 811 ut

260 824 318 864 sacris
337 824 436 864 ordinibus
455 824 542 865 initiatus
560 825 582 864 11
601 823 675 865 Casiliae
694 823 867 878 Archiepiscopum
887 830 1035 868 consecraretur.

259 878 315 919 Illico
325 878 346 919 in
355 878 454 919 Iberniam
463 879 532 920 redivit
547 879 657 933 delegatum
667 878 703 919 sibi
717 892 789 918 munus
803 879 893 922 obiturus
905 882 1035 923 funestissima

257 933 326 987 patriae
342 948 383 973 suae
399 937 518 988 tempestate,
529 935 567 987 qud
583 935 624 988 ejus
641 937 716 988 sceptro
725 933 835 987 potiebatur
848 935 961 978 Elizabetha
969 936 1036 977 Tudor

259 988 337 1041 Angliae
351 990 418 1041 regina
433 1003 474 1029 non
489 989 545 1029 modo
562 989 639 1029 haeresis
655 989 758 1029 teterrimae
767 988 799 1028 lue
815 990 891 1043 injecta,
902 992 935 1032 sed
944 992 1035 1032 acerrima

196 1041 302 1084 [¹0¹·]fidei
312 1044 422 1093 Catholicae,
437 1058 534 1085 sacrorum
543 1045 683 1097 episcoporum,
694 1048 714 1084 et
723 1044 843 1084 sacerdotum
853 1045 920 1086 hostis.
925 1048 933 1098 tl
957 1047 1031 1087 Princi-

257 1099 288 1152 pis
298 1112 338 1138 suae
352 1099 485 1139 crudelitatem
499 1099 546 1153 regii
555 1099 647 1152 praefecti,
658 1103 677 1139 et
686 1099 769 1138 ministri
785 1100 886 1152 tyrannide
895 1101 916 1141 11
926 1101 1035 1142 Catholieos

256 1153 366 1202 vincebant,
377 1168 417 1194 non
427 1154 441 1195 ii
451 1154 519 1202 solum,
530 1156 563 1207 qui
573 1154 665 1207 regebant
674 1153 772 1207 Angliam,
782 1154 803 1194 in
813 1168 851 1206 qua
860 1155 905 1195 fidei
913 1156 1033 1208 splendorem

255 1209 294 1262 jam
305 1209 432 1258 extinxerant,
443 1210 477 1250 sed
487 1214 506 1250 11
515 1210 541 1257 hi,
552 1210 586 1262 qui
596 1209 679 1249 lberniae
686 1214 792 1262 praeerant:
807 1209 842 1249 ubi
848 1209 945 1262 indigenae
952 1211 973 1250 in
980 1211 1033 1251 hunc

256 1277 319 1317 nsque
329 1263 381 1304 diem
389 1279 424 1317 pro
434 1264 512 1305 Christo
518 1269 602 1304 extrema
608 1265 736 1318 perpetientes
746 1263 872 1304 reluctantur.
900 1264 1033 1305 Nihilominus

255 1319 417 1373 Archiepiscopus
427 1324 493 1360 noster
502 1333 578 1360 summo
588 1319 658 1368 labore,
670 1323 689 1359 et
703 1318 767 1358 studio
782 1332 822 1359 suae
830 1319 969 1372 jurisdictionis
979 1321 1034 1373 gregi

255 1373 396 1414 administravit
405 1378 528 1424 sacramenta,
536 1379 555 1414 et
565 1374 685 1428 evangelium
694 1373 774 1414 Domini
785 1374 882 1427 expandit,
890 1388 956 1414 omnes
965 1376 986 1415 in
995 1375 1033 1415 fide
1045 1417 1047 1420 Α

255 1429 377 1478 confirmans,
395 1429 494 1470 biennium
514 1431 553 1470 fere
573 1429 596 1470 ab
616 1429 686 1482 Anglis
705 1429 776 1469 frustra
794 1429 898 1482 inquisitus
917 1429 1033 1470 Ibernomm

256 1498 320 1536 opera,
331 1488 350 1523 et
359 1483 396 1524 lide
405 1488 510 1538 protectus,
520 1484 643 1525 sacularibus
658 1484 750 1532 vestibus,
761 1483 831 1537 quibus
840 1498 947 1537 personam,
958 1488 977 1524 et
987 1499 1032 1525 con-

256 1539 350 1579 ditionem
360 1538 497 1589 dissimulabat,
512 1539 593 1590 indutus
605 1538 773 1592 (quemadmodum
786 1540 849 1579 caeteri
859 1553 935 1593 quoque
945 1539 1032 1580 sacerdo-

255 1598 285 1633 tes
295 1594 316 1634 in
325 1594 410 1644 1111111,
421 1595 492 1643 stolia,
503 1599 522 1634 et
536 1595 609 1647 Angue
625 1595 646 1634 in
662 1597 776 1647 praesentem
791 1607 853 1646 usqne
868 1593 918 1634 diem
932 1595 1030 1643 incedunt,

255 1652 359 1701 postquam
368 1649 478 1702 Anglorum
487 1663 555 1702 regum
570 1650 624 1690 furor
637 1648 658 1689 11
672 1648 778 1689 Ecclesiam
797 1648 869 1688 Christi
880 1648 927 1689 Jesu
937 1649 1029 1701 exardet.)

254 1702 327 1743 Evenit
343 1703 431 1756 denique,
449 1709 472 1743 11
487 1704 509 1743 in
526 1703 837 1756 81111111111111111111111111
854 1703 932 1744 Thomas
942 1703 1031 1757 Fleming

255 1757 338 1798 Barouis
348 1758 414 1810 Anglo
424 1756 497 1808 lberni,
508 1758 559 1812 apud
570 1772 626 1811 quem
637 1772 659 1798 eo
676 1758 707 1798 die
716 1758 879 1811 Archiepisoopus
895 1758 1031 1808 diversabatur,

256 1827 320 1853 coram
330 1812 416 1852 Roberto
425 1812 510 1863 Dillone,
521 1812 594 1853 Coclite
606 1812 685 1864 Reginae
697 1812 763 1865 judice
778 1813 829 1852 inter
845 1813 957 1853 caenandum
967 1815 1031 1866 gravis

255 1868 336 1920 quaestio
352 1867 409 1907 fuerit
425 1868 514 1908 excitata.
542 1867 568 1908 ln
586 1868 624 1921 qud
640 1867 726 1907 haretici
741 1881 795 1907 suam
812 1867 893 1920 quisque
916 1869 1030 1908 sententiam

253 1922 355 1963 licentiose
365 1923 450 1963 dicentes
459 1923 482 1963 eo
498 1923 578 1963 insaniae
594 1926 735 1976 processerint,
745 1925 768 1962 nt
777 1921 890 1976 Dermysius
899 1923 932 1976 qui
941 1923 1030 1963 interfuit

254 1978 288 2017 diu
298 1977 376 2026 tacitus,
386 1992 411 2018 ne
427 1992 449 2018 se
459 1978 555 2031 proderet,
565 1977 644 2017 tandem
658 1981 724 2018 tamen
740 1990 781 2017 non
794 1979 880 2030 potuerit
893 1977 942 2018 ferre
957 1978 1029 2019 deliria.

253 2032 324 2085 ltaque
339 2033 377 2085 qua
386 2033 423 2073 1111
433 2032 499 2073 vultus
508 2033 631 2081 authoritate,
642 2033 718 2072 summa
727 2031 841 2084 eloquentia,
852 2037 872 2073 et
887 2032 980 2081 doctrint,
990 2033 1029 2073 hae-

252 2088 356 2127 reticorum
374 2101 421 2128 vana
436 2088 508 2141 judicia
522 2088 578 2129 facile
594 2087 701 2128 confutavit
714 2101 785 2139 magna
801 2087 887 2127 omnium
897 2088 1028 2128 admiratione.

252 2142 311 2182 Unde
320 2142 388 2182 Dillon
395 2142 456 2197 judex
472 2143 583 2196 conjectura
597 2142 699 2191 adductus,
709 2146 732 2181 nt
741 2141 779 2181 sibi
792 2141 914 2194 persuaderet
922 2142 978 2182 illum
987 2157 1028 2183 esse

251 2196 349 2250 insignem
359 2197 443 2250 aliquem
452 2198 520 2247 virum,
531 2200 564 2251 qui
574 2197 679 2251 plurimum
695 2200 761 2250 posset
770 2195 875 2236 haeresibus
885 2196 971 2237 obstare:
987 2212 1028 2238 rem

249 2253 317 2292 retulit
332 2252 357 2292 ad
372 2252 471 2293 Adamum
487 2252 567 2293 Loftum
581 2253 663 2293 lberniae
673 2251 832 2303 Chaneellarinm,
843 2256 862 2291 et
872 2251 979 2292 Henricum
988 2252 1027 2293 Va-

249 2307 331 2361 loppum
341 2311 561 2360 summumquaestorem
577 2307 659 2361 Anglos,
674 2320 733 2361 penes
749 2319 797 2358 quos
812 2307 868 2359 regni
887 2307 1026 2348 administratio

249 2367 296 2411 erat,
307 2376 387 2416 proroga
401 2362 487 2403 absente.
516 2362 545 2403 Hi
560 2362 639 2403 Thomae
656 2362 728 2402 Baroni
737 2360 812 2413 magnis
821 2361 883 2415 poenis
891 2362 992 2415 imperant,
1003 2367 1026 2403 ut

248 2418 421 2471 Arclriepiscopum
437 2417 524 2458 vinctum
540 2417 564 2458 ad
583 2418 635 2471 ipsos
654 2417 726 2456 mittat.
764 2415 844 2456 Interim
863 2417 1025 2471 Archiepiscopus

249 2472 315 2512 stanit
329 2473 427 2526 profectus
443 2487 454 2513 a
470 2472 551 2523 Barone,
568 2477 587 2512 et
603 2472 661 2526 regiis
676 2470 769 2512 ministris
783 2471 803 2511 in
818 2470 932 2526 Rupesiurio
947 2472 1026 2513 castello

249 2527 400 2580 deprehenditur
410 2542 461 2568 anno
472 2529 532 2577 1583,
547 2542 613 2568 mense
629 2525 737 2580 Septembri
750 2526 801 2579 apud
810 2526 903 2567 Thomam
912 2527 1023 2576 Buttlerum

247 2586 377 2635 cognomento
392 2581 478 2636 Nigrum
493 2582 593 2623 Urmoniae
609 2582 711 2629 Comitem,
731 2581 763 2633 qui
779 2595 829 2634 egre,
843 2586 863 2622 et
873 2583 939 2635 iniquo
959 2583 1022 2623 animo

247 2651 313 2678 casnm
322 2637 375 2686 tulit,
386 2641 517 2691 quantumque
532 2638 598 2691 potuit
611 2637 679 2690 postea
694 2635 797 2686 insudavit,
813 2643 835 2677 ut
850 2637 952 2691 praesulcm
962 2639 1022 2678 carni-

245 2692 305 2732 ficum
321 2693 411 2734 manibus
428 2693 514 2746 eriperet,
529 2697 658 2746 praeterquam
674 2690 725 2744 quod
741 2705 792 2732 arma
805 2706 845 2732 non
862 2693 952 2745 suscepit,
969 2693 1022 2733 utin

245 2748 304 2787 simili
320 2752 391 2788 eventu
401 2747 475 2798 debuit,
487 2753 506 2789 et
515 2748 581 2789 forsan
590 2747 672 2794 lecisset,
682 2745 720 2785 nisi
729 2745 840 2788 Protestans
850 2750 911 2787 esset:
927 2747 1021 2800 siquidem

245 2802 331 2855 reliquus
340 2802 394 2843 labor
411 2807 451 2843 erat
466 2804 535 2844 inanis.
564 2802 653 2842 Antistes
666 2801 687 2840 in
696 2801 750 2854 regni
758 2803 866 2856 principem
875 2801 941 2842 urbem
951 2802 1021 2844 Dnbh-

244 2855 318 2897 linnam
335 2858 404 2898 allatus
418 2858 491 2898 multos
506 2859 546 2899 dies
562 2857 613 2905 caeci,
624 2855 706 2908 tetrique
716 2859 794 2898 carceris
808 2856 899 2906 tenebris,
913 2861 933 2897 et
946 2857 1019 2904 faetore,

245 2911 364 2965 vinculisque
374 2917 454 2954 vexatur
468 2928 529 2967 usque
539 2912 564 2954 ad
578 2911 633 2952 illurn
641 2912 736 2963 sequentis
746 2913 791 2953 anni
801 2913 858 2961 diens,
870 2912 902 2965 qui
911 2913 1019 2953 Dominicee

245 2978 303 3005 caenre
312 2967 390 3007 nomine
406 2968 519 3017 celebratur,
530 2980 569 3020 quo
579 2967 617 3006 fuit
626 2965 678 3007 huno
687 2966 708 3006 in
717 2968 795 3008 modum
806 2967 829 3009 ab
839 2967 933 3009 haereticis
943 2968 1020 3021 impug-
