2237 3535
275 408 286 445 6
421 406 554 446 o’surravnru
568 414 669 442 fflsroarn
684 414 809 453 carnorrcn,
823 415 871 444 rou.
886 414 901 442 1.
968 401 1043 453 [mar.
1101 445 1103 448 Α

273 516 327 556 ribus
340 516 455 557 vocitantur.
492 513 572 569 Erquo
586 511 638 565 prius
651 510 675 552 ab
692 511 767 565 Anglis,
779 513 848 554 deinde
857 512 881 553 ab
897 511 938 552 aliis
953 509 1044 564 gentibus

273 571 368 620 lerlanda,
385 568 468 617 lrlauda,
478 571 498 607 et
507 567 593 607 Irlandia
606 566 644 606 fuit
657 570 775 619 nuncupata,
790 568 811 608 id
825 572 855 608 est
864 567 913 608 letae
926 570 983 615 terra,
998 579 1043 605 nam

273 625 382 679 Anglorum
401 637 487 663 sermone
501 622 560 663 dictio
577 620 653 661 “land”
672 620 766 673 significat
781 626 857 664 terram.
891 621 947 662 Alius
963 621 1044 661 fratrum

273 681 342 721 dicitur
352 678 435 719 Geraldo
445 677 556 718 Oambreusi
566 676 667 725 Hermiou,
675 674 716 715 aliis
725 674 827 727 Herimon,
835 684 855 719 et
864 677 958 718 Iverione.
980 674 1043 723 Unde,

272 736 294 775 ni
303 749 333 775 me
347 734 457 788 conjectura
469 732 526 782 fallit,
540 731 603 772 insula
616 735 696 771 vocatur
710 729 798 771 lverione
811 733 833 772 in
846 732 947 773 itinerario
962 729 1044 770 Antonii

272 789 364 843 Augusti.
393 788 454 829 Extat
463 791 482 828 et
494 787 583 827 lavernae
596 799 668 826 nomen
682 785 733 838 apud
743 785 838 837 Solinum,
848 787 959 840 Metamque
969 799 1043 826 cosmo-

272 844 360 899 graphos,
371 846 390 884 et
400 842 511 884 Iuvenalem
520 841 607 881 Poetam.

621 923 634 942 “
639 921 697 954 Arma
705 920 748 964 quid
755 919 804 954 ultra

476 967 547 1001 Littera
555 966 636 1000 Iuvernae
643 965 782 1009 promovimus.'’

298 1041 376 1081 Dicitur
385 1042 405 1093 et
414 1037 481 1078 Insula
491 1037 606 1077 Sanctorum
619 1034 644 1076 ob
653 1035 753 1089 ingentem
762 1035 802 1075 vim
814 1035 908 1086 divorum,
918 1037 988 1091 quibus
997 1035 1043 1076 olim

271 1096 342 1137 floruit.
373 1093 417 1135 Alia
426 1092 505 1133 nomina
515 1091 585 1145 quibus
595 1106 606 1131 a
615 1090 725 1131 domesticis
734 1090 837 1140 historicis,
852 1092 951 1145 poetisque
961 1090 1042 1132 celebra-

271 1157 303 1191 tur
312 1165 351 1192 non
361 1153 391 1191 est
403 1148 449 1202 quid
461 1150 576 1201 repetamus.
608 1145 676 1185 Unum
688 1145 787 1186 ostendam
799 1146 884 1187 Scotiam
895 1147 954 1188 fuisse
966 1146 1041 1187 dietam.

604 1431 662 1472 OAP.
678 1431 707 1471 Π.

271 1539 361 1573 Iberniam
375 1538 430 1572 fuisse
438 1536 510 1575 dictam,
523 1535 606 1574 Scottum,
620 1534 735 1613 etbltbernos
750 1536 821 1575 Scotos,
829 1535 936 1569 auctoritate
943 1534 1042 1578 aliquorum

606 1591 638 1624 pro
652 1592 662 1613 a
671 1592 699 1613 ur.

270 1680 344 1719 Furssn
354 1679 399 1719 lruio
409 1677 483 1726 insulae,
501 1677 578 1725 Sootiae,
590 1679 610 1715 et
623 1675 706 1725 ibernis,
722 1676 790 1725 neoris,
807 1690 884 1725 nomen,
898 1679 964 1730 potest
978 1675 1042 1729 colligi

269 1734 383 1775 auctoritate
398 1733 510 1773 multorum.
546 1730 644 1784 Imprimis
654 1732 701 1772 satis
717 1734 831 1785 argumento
850 1731 926 1772 videtur
942 1730 1041 1772 Claudiani

269 1804 352 1831 ΟἳῑΓΠΙθΠ.

433 1861 445 1877 “
453 1855 549 1889 Scotorum
557 1853 635 1888 cumulos
644 1852 693 1886 flevit
700 1852 780 1898 glacialis
788 1851 871 1886 Iberne.¹¹

269 1954 325 1995 Idem
342 1952 446 1993 clarissime
460 1950 515 1991 docet
530 1948 626 1999 AEthious,
641 1949 669 1990 sio
685 1948 783 1990 lberniam
797 1949 928 1999 describendo,
946 1949 1041 1991 “lhernia

268 2009 332 2052 insula
347 2008 398 2048 inter
414 2006 533 2046 Britanniam
544 2007 563 2044 et
577 2004 692 2064 Hispaniam
705 2004 792 2057 longiore
806 2004 830 2044 ab
845 2005 911 2045 Africo
924 2005 946 2045 in
959 2005 1041 2046 Boream

268 2064 332 2118 spacio
342 2062 460 2117 porrigitur:
475 2060 530 2114 cujus
539 2063 602 2113 partes
615 2060 691 2113 ‘priores
703 2060 783 2100 intentae
792 2059 895 2100 'Oantabro
908 2074 986 2110 oceano,
996 2060 1039 2101 Bri-

268 2120 354 2173 gantiam
370 2116 458 2158 Golletiae
472 2115 570 2156 civitatem
583 2115 605 2155 in
614 2115 693 2155 circium
703 2114 741 2154 sibi
748 2118 880 2155 occurrentem
887 2116 972 2168 spatioso
981 2116 1040 2156 inter·

267 2174 317 2215 vallo
327 2172 396 2228 procul
406 2174 498 2225 spectant,
509 2169 533 2210 ab
543 2184 565 2210 eo
575 2170 671 2223 praecipue
680 2170 818 2222 promontorio,
826 2169 860 2209 ubi
870 2170 947 2210 Secanae
956 2170 1040 2211 fluminis

268 2230 338 2270 ostium
349 2232 384 2278 est,
394 2227 430 2267 ubi
439 2224 524 2275 Velabri,
533 2224 645 2278 Lucenique
655 2225 770 2264 consistunt.
800 2224 849 2265 Haec
863 2225 928 2278 priore
940 2224 1040 2267 Britannia

268 2285 329 2339 spatio
336 2288 431 2324 terrarum
441 2280 545 2334 angustior,
556 2280 604 2320 coelo
618 2279 702 2332 solisque
715 2279 874 2333 temperiemagis
883 2280 943 2329 utilis,
954 2295 965 2320 a
975 2280 1040 2321 Scoto-

267 2354 311 2381 rum
318 2338 409 2393 gentibus
419 2335 508 2377 colitur.”
531 2334 580 2375 Haec
587 2334 630 2374 ille:
642 2348 685 2387 quae
694 2332 782 2387 pluribus
790 2333 845 2375 Beda
853 2335 966 2375 venerabilis
973 2336 1040 2376 confir-

267 2398 314 2445 mat,
330 2409 353 2434 ex
364 2392 434 2447 quibus
444 2388 568 2444 pauoalubet
582 2389 613 2429 liic
629 2388 734 2429 describere
741 2406 747 2439 5
763 2389 873 2430 “Ibernia”
890 2390 954 2443 inquit
972 2390 1040 2431 “diris

267 2450 322 2491 lactis
332 2464 353 2490 ao
363 2447 425 2488 mellis
435 2446 503 2495 insula,
513 2459 550 2485 neo
561 2443 660 2484 vinearum
670 2444 841 2498 expers-piscium,
851 2445 998 2498 volucriumque
1007 2446 1040 2487 sed

268 2510 288 2545 et
306 2517 407 2545 cervorum
423 2504 495 2542 venatu
509 2498 597 2551 insignis.
627 2499 676 2539 Haec
693 2504 757 2539 autem
770 2501 848 2553 propria
861 2501 923 2553 patria
938 2501 1039 2541 Scotorum

268 2564 310 2609 est3
325 2560 348 2600 ab
359 2559 396 2600 hac
413 2556 490 2611 egressi,
507 2558 531 2595 ut
546 2554 635 2603 diximus,
645 2553 723 2594 tertiam
737 2554 758 2594 in
772 2554 880 2605 Britannia,
895 2554 1010 2595 Britonibus
1019 2560 1039 2597 et

267 2615 327 2655 Pictis
346 2617 424 2668 gentem
443 2609 571 2652 addiderunt”
589 2609 637 2649 Hac
653 2608 714 2649 Beda.
752 2608 805 2649 Huic
820 2611 920 2651 assertioni
934 2624 975 2650 non
990 2611 1039 2652 nihil

267 2670 336 2710 uirium
350 2669 412 2709 adfert
425 2667 483 2707 Pater
497 2664 591 2705 Bicardns
605 2664 700 2704 Gonuaeus
710 2677 720 2703 e
730 2663 823 2706 Societate
837 2665 886 2706 Josu
898 2665 982 2705 referens

267 2723 325 2765 verba
339 2738 363 2763 eu
379 2723 464 2763 Henrioo
475 2720 564 2762 ¹Canisio.
594 2719 685 2767 “Scotia,
702 2732 744 2771 quae
760 2722 779 2759 et
788 2719 866 2761 lbernia
880 2720 956 2769 dicitur,
970 2720 989 2760 fe

267 2783 378 2820 sanctorum
393 2777 462 2826 insula,
482 2780 501 2816 et
521 2775 618 2816 stellarum
637 2787 740 2814 numerum
757 2788 817 2829 prope
832 2789 912 2829 oequans
928 2778 1037 2828 patrociniis

267 2838 384 2881 sanctorum,
396 2833 417 2873 in
433 2832 538 2872 multorum
552 2830 634 2871 salutem
650 2828 742 2882 produxit
750 2828 871 2871 Wironem.’'
899 2830 936 2870 (lui
945 2830 973 2870 rei
982 2830 1038 2871 Cam·

266 2889 341 2931 brensis
350 2887 408 2928 verba
416 2887 505 2928 tenebras
514 2886 610 2926 auferunt.
630 2887 644 2908 “
653 2883 749 2928 Quoniam
758 2885 818 2938 igitur
824 2885 945 2926 Ibernienses
955 2884 979 2925 ab
988 2886 1036 2936 istis,

224 2941 290 2986 [tlui
306 2945 366 2992 aiunt,
378 2942 489 2995 originalem
504 2942 575 2982 lineam
585 2940 666 2981 ducunt
680 2938 790 2990 aGatlielo,
808 2945 827 2981 et
842 2941 917 2992 Scotall
930 2940 1037 2982 Gatheliet
1099 2935 1119 2967 '³'

216 3044 217 3047 Ἴ
269 2999 383 3042 Scotisiout
393 3002 412 3037 et
426 2998 466 3038 nat-i
481 3001 532 3046 sunt,
544 2997 571 3037 sic
581 2999 600 3036 ct
609 2994 711 3036 nominati.
741 2994 789 3036 Mox
799 2996 853 3037 addit
868 2995 951 3044 “‚Sootia
960 3010 1036 3049 quoque
