2237 3535
91 373 209 425 11111111]
322 389 349 416 11
364 389 428 416 anano
444 385 562 420 aurnurcrrr
578 385 686 414 1111111111.
823 376 863 415 161

91 481 179 535 praesidio
189 482 315 536 Binghamus,
326 487 343 526 11
352 486 427 541 Bagnal
444 485 530 526 celeriter
545 486 674 533 revertuntur,
684 497 728 523 cum
737 484 808 524 Tirono
824 485 863 525 iam

90 536 205 645 ffidpptgefi,
216 541 258 578 tum
267 538 402 592 O’Donellum,
413 543 431 582 11
441 541 487 581 Mac
494 539 585 580 Guierem
590 537 695 592 majoribus
701 539 761 593 copiis
770 539 864 581 refectum
871 586 927 629 [m]

315 768 593 776 Μ

400 904 459 946 GAP.
474 904 535 944 VIII.

104 1006 211 1041 O'Donellus
219 1007 337 1043 Iuislrillenam
345 1009 418 1049 obsidet,
427 1010 471 1042 etin
481 1009 584 1053 Hispaniam
592 1009 670 1053 legatum
685 1009 741 1044 mittit
751 990 839 1044 (latholici

340 1055 387 1098 regis
395 1065 447 1098 opem
454 1055 581 1099 efflagitatum„
867 1063 923 1105 [123]

84 1160 136 1200 Posr
152 1161 248 1214 regiorum
267 1160 387 1200 exercituum
405 1158 490 1199 reditum
509 1158 628 1199 O’Donellus
647 1158 700 1199 illato
720 1160 766 1201 Mac
782 1160 857 1210 Guieri,

84 1214 159 1264 damno,
170 1215 204 1255 sed
213 1213 295 1255 maximb
310 1228 384 1262 senmn,
394 1227 499 1266 puerorum
513 1217 532 1253 et
546 1213 666 1253 faeminarum
682 1214 755 1254 crudeli
765 1215 857 1256 11111111-

84 1269 173 1322 dignatus
183 1270 257 1310 nullam
265 1268 371 1309 ulciscendi
380 1282 454 1307 moram
468 1268 529 1307 facere
544 1271 636 1315 statuens,
648 1267 672 1307 ad
681 1267 796 1310 Inislrillinae
806 1270 857 1311 obsi-

83 1324 165 1374 dionem,
176 1328 195 1364 ct
205 1324 370 1377 oppugnationem
379 1336 420 1361 sese
430 1322 509 1362 vestiat
529 1321 566 1360 Oui
574 1322 627 1374 qubd
636 1336 688 1362 aenea
697 1324 855 1374 machinamenta,

84 1379 155 1431 quibus
173 1393 207 1419 arx
224 1382 334 1430 quateretur
351 1377 435 1424 deerant,
446 1376 479 1416 illa
489 1376 510 1415 eb
520 1375 595 1415 facibus
609 1375 633 1415 ab
646 1376 715 1429 Anglis
724 1379 858 1432 propugnaba-
885 1424 886 1427 Ἰ

81 1437 120 1472 tur.
149 1433 209 1477 Quod
219 1432 338 1473 O’Donellus
349 1430 501 1471 animadvertens
512 1434 531 1470 et
543 1444 609 1470 secum
618 1435 709 1484 reputans
720 1433 795 1473 difficile
804 1435 858 1474 tactu

82 1501 123 1527 esse
132 1492 154 1527 ut
164 1488 243 1527 Ibernia
253 1490 272 1526 et
281 1485 380 1526 Catholica
394 1485 462 1539 religio
473 1486 514 1525 sine
531 1488 654 1525 externorum
663 1486 773 1540 principum
787 1489 858 1529 auxilio

81 1542 106 1582 ab
116 1543 226 1595 Anglorum
241 1542 309 1581 haeresi
325 1544 344 1581 et
362 1541 462 1594 tyrannide
471 1541 493 1580 iu
501 1539 609 1580 libertatem
626 1540 762 1591 vindicaretur,
772 1542 859 1584 Jaimum

81 1597 188 1637 O'Helium
203 1596 287 1636 Tucmiae
303 1596 476 1649 Archiepiscopurn
493 1597 554 1635 uirum
572 1595 659 1635 doctrint
669 1600 688 1635 et
701 1596 803 1638 innocente
817 1599 858 1639 11111

79 1652 183 1705 probatum
199 1652 285 1705 legatum
301 1651 369 1700 m'ttit,
386 1651 419 1703 qui
437 1651 528 1704 Philippo
544 1649 574 1689 II.
593 1650 732 1704 Hispaniarum
747 1654 855 1695 monarcha

80 1707 195 1747 Ibernarnm
205 1720 269 1746 rerum
279 1710 351 1746 statum
360 1705 445 1758 pandat3
461 1705 485 1746 ab
495 1719 517 1745 eo
528 1704 627 1745 declinatae
639 1720 688 1759 pene
698 1705 800 1748 Catholicae
810 1709 855 1749 fidei

80 1776 137 1815 opem
146 1766 205 1815 petat,
217 1775 274 1814 quarn
283 1775 317 1814 per
326 1760 409 1809 Iberniae
418 1762 520 1813 primatem
534 1761 647 1813 promiserat
655 1764 674 1801 et
683 1760 713 1801 illi
723 1762 825 1804 O'Donelli
835 1768 855 1804 et

80 1817 161 1857 aliorum
180 1820 292 1869 magnatum
311 1815 427 1855 Ibernormn
449 1829 525 1869 operam
544 1819 564 1855 et
583 1815 712 1856 obedientiam
734 1817 853 1870 polliceatur.

78 1872 166 1912 Antiates
177 1885 241 1924 arege
251 1871 387 1911 humanissime
396 1873 416 1909 et
425 1870 528 1923 plusquam
537 1870 597 1923 regali
606 1870 719 1911 liberalitate
729 1877 818 1926 exceptus
829 1874 853 1914 de

80 1926 183 1967 O’Donelli
193 1930 212 1967 et
222 1926 336 1966 1111111111
352 1924 448 1965 nobilium
463 1925 526 1965 animo
537 1938 582 1977 erga
598 1925 703 1978 Hispanos,
716 1926 740 1967 de
753 1928 852 1981 religione,

79 1982 192 2031 constantia,
203 1980 322 2029 fortitudine,
333 1983 352 2019 et
368 1979 447 2020 militari
460 1980 552 2029 scientia,
567 1983 659 2032 praterea
669 1981 692 2021 de
701 1981 769 2021 insuta
779 1986 852 2037 tempe-

77 2037 157 2086 ratione,
167 2035 284 2084 salubritate,
294 2035 382 2075 ubertate
391 2034 438 2086 agri,
448 2038 539 2087 portuum
549 2034 690 2084 commoditate,
701 2036 778 2077 urbium
788 2042 807 2078 et
817 2053 851 2092 op-

77 2091 168 2144 pidorum
175 2091 301 2145 jucunditate,
312 2089 419 2130 amaenitate
436 2089 538 2129 fluminum
548 2092 606 2142 atque
615 2089 697 2139 lacuum,
709 2095 728 2130 et
738 2092 779 2131 aliis
788 2093 850 2134 laudi-

77 2145 114 2185 bus
123 2147 186 2187 multa
195 2146 289 2200 exposuit,
300 2145 371 2186 addens
380 2144 407 2193 id,
418 2144 470 2197 quod
486 2144 543 2184 hodie
557 2143 639 2196 ambigit
647 2159 704 2185 nemo
714 2146 781 2187 insulae
790 2148 850 2202 hujus

76 2201 156 2253 peritus,
166 2201 246 2241 obtenta
255 2200 339 2249 11111111,
350 2199 472 2252 Scotiamque
481 2212 562 2252 quoque,
576 2199 673 2252 Angliam,
684 2199 809 2242 Hollandiam
818 2204 850 2244 vel

76 2255 182 2305 Batauiam,
192 2259 292 2309 totamque
302 2255 384 2296 Galliam
399 2253 498 2307 Belgicam
507 2268 566 2306 paruo
576 2255 655 2307 negocio
665 2268 721 2308 posse
730 2255 820 2298 debellari
830 2263 850 2298 et

77 2309 165 2359 obtineri,
175 2314 194 2350 et
204 2311 286 2364 denique
292 2310 394 2351 Catholicae
404 2309 493 2362 religioni
504 2309 564 2361 (quod
574 2308 674 2362 legationis
684 2324 740 2363 prora
750 2314 768 2350 et
777 2314 848 2366 puppis

76 2365 123 2417 crat)
135 2365 228 2405 auxilium
237 2366 288 2418 regis
298 2366 408 2419 efflagitans.
437 2364 536 2404 1111111111
547 2365 630 2417 orationi
638 2379 672 2405 rex
678 2365 762 2418 primum
770 2367 803 2407 uix
813 2368 847 2408 ha-

76 2419 133 2460 bebat
142 2419 272 2461 indubitatam
281 2421 339 2462 fidem
353 2423 430 2474 propter
440 2419 536 2459 diversum
543 2432 639 2459 rumorem
649 2420 672 2460 de
682 2420 760 2461 Ibernitr
769 2421 848 2476 dissipa-

75 2479 118 2515 tum
128 2475 151 2515 ab
161 2475 237 2529 Anglis,
249 2476 283 2530 qui
299 2476 352 2516 illius
367 2474 432 2515 laudes
448 2473 592 2514 mendaciorum
605 2474 689 2515 tenebris
706 2475 812 2527 involvrmt,
822 2492 848 2518 ne

74 2530 137 2570 insula
146 2531 286 2580 florentissima,
296 2529 437 2585 multiplicique
446 2528 525 2569 laudum
531 2528 658 2582 suppellectili
667 2529 784 2581 celebranda,
794 2533 848 2573 unde

74 2585 146 2638 Anglia
161 2600 246 2626 errorum
262 2587 329 2627 nutrix
345 2588 409 2640 posset
426 2584 493 2633 excidi,
503 2583 526 2623 ab
542 2583 635 2637 Hispanis
650 2588 755 2637 expetatur.
784 2586 815 2627 Oh
825 2589 848 2629 id

74 2638 193 2682 Riclrardum
211 2641 355 2682 Stanihurstnm
370 2641 436 2688 istum,
447 2639 480 2692 qui
496 2638 604 2690 anglorum
618 2640 699 2692 gratiam
714 2654 812 2694 aucupans
822 2644 847 2684 ad

74 2693 208 2736 Ibernicorum
225 2696 323 2737 infamiam
337 2696 408 2736 librum
423 2694 488 2743 edidit,
504 2692 637 2746 adhibetque
654 2694 732 2735 minime
741 2695 846 2749 inficiante,

74 2762 116 2801 quae
126 2751 207 2792 antistes
217 2751 284 2801 aiebat,
294 2766 340 2792 nam
350 2754 404 2792 erant
412 2749 515 2797 verissima,
526 2747 608 2802 denique
618 2748 696 2789 credens
709 2751 765 2804 caepit
774 2754 846 2804 mirari,

96 2871 103 2887 ’‘
116 2870 242 2907 Inniskillenis
254 2878 286 2908 not
299 2874 400 2908 mentioned
413 2873 431 2905 in
445 2872 475 2905 the
489 2871 538 2904 Four
552 2871 636 2906 Masters.
658 2872 686 2906 Its
699 2879 772 2920 capture
785 2877 816 2921 (it)
826 2879 847 2924 by

74 2913 167 2965 Bpngham,
176 2919 274 2953 musthave
282 2919 326 2953 been
334 2920 352 2952 jn
362 2921 410 2957 1593,
419 2929 437 2961 p.
448 2919 497 2950 1945.
511 2917 529 2950 It
537 2928 572 2951 uas
578 2919 632 2952 taken
640 2918 662 2963 by
670 2918 701 2953 the
710 2919 761 2955 Lord
768 2922 847 2969 Deputy,

73 2957 191 3005 Frtzwilliam,
200 2964 219 2996 in
228 2967 277 3006 1594,
285 2976 301 3009 p.
311 2967 360 2999 1949.
387 2964 429 3002 Coa,
438 2974 454 3007 P·
464 2964 503 2995 4⁰3·

186 3011 212 3048 a]
