2237 3535
118 418 161 445 exe.
177 401 213 456 rr]
279 414 365 443 inanum
381 414 479 445 euouono
494 414 520 440 xe
535 411 611 440 anonis
626 408 723 439 onrnnra.
867 396 892 435 61

116 513 191 567 ¹juribus
201 512 270 564 victall
283 516 302 552 et
312 511 390 552 subacta
396 526 430 552 suo
438 511 488 565 Regi
498 509 591 552 Maouillo
601 508 716 559 interempto
726 504 751 545 ab
758 504 829 546 Iberno
839 504 945 566 prin-[574

117 569 166 622 cipe,
177 582 217 608 non
224 566 283 607 semel
289 570 356 621 postea
365 571 422 620 caput
429 566 519 607 extollere
532 567 614 605 conatus
621 565 656 611 est,
666 560 697 601 vel
706 560 793 613 pristinae
798 559 893 600 libertatis

118 623 213 664 desiderio
221 621 311 672 excitata,
317 621 348 662 vel
354 621 505 675 imperitantium
516 620 586 673 jugum
595 631 662 657 exosa:
678 616 750 656 frustra
763 618 835 664 tamen,
847 628 893 655 nam

118 693 157 731 quo
171 678 220 731 jugo
235 676 294 718 semei
303 677 375 718 domita
384 681 418 726 est,
430 689 531 729 nunquam
539 673 561 714 id
567 672 632 727 potuit
640 671 746 711 discutere:
762 674 782 711 et
791 670 832 724 ejus
844 670 895 710 vires

74 764 75 767 η
118 737 138 773 et
147 732 261 773 rebelliones
271 746 337 774 omnes
348 731 371 772 ab
380 732 458 773 lhernis
472 732 558 771 contusae
568 731 613 769 ante
624 725 739 767 Christiane
747 725 895 784 lucisexortum

118 790 267 829 consenuerunt.

449 1033 509 1073 oAP.
525 1031 555 1072 Π.

206 1141 303 1176 Catholicae
310 1142 411 1186 Religionis
419 1142 438 1175 in
447 1142 520 1176 Ibernie
528 1140 622 1181 stabilitas,
631 1144 648 1174 et
656 1139 806 1184 perturbationes,

117 1229 229 1273 Posreurn
238 1244 283 1271 vero
292 1230 373 1283 majores
380 1229 442 1269 nostri
452 1227 523 1268 Christi
532 1227 596 1279 legem
604 1230 649 1267 sunt
659 1228 747 1280 amplexi,
769 1227 821 1268 Divo
831 1226 894 1267 Patri-

118 1285 146 1325 tio
159 1289 283 1339 praeceptore,
304 1285 379 1325 circiter
395 1283 448 1323 Aa).
469 1280 616 1329 CCCGXVHI,
631 1281 653 1320 in
667 1285 734 1321 nostra
750 1281 819 1331 insula,
835 1281 893 1321 Fides

118 1339 217 1380 Catholica
225 1340 301 1388 Sancta,
310 1343 329 1378 et
336 1337 434 1385 inviolata,
443 1337 590 1387 litterarumque
600 1335 685 1375 studium
692 1349 726 1388 per
736 1350 797 1376 annos
802 1337 892 1389 quadrin-

117 1399 193 1447 gentos,
204 1394 241 1434 sub
257 1393 340 1446 triginta
349 1391 411 1432 tribus
433 1391 458 1442 (si
467 1404 512 1430 vera
521 1395 568 1429 sunt
584 1388 706 1430 Cambrensis
720 1390 798 1443 placita)
815 1391 893 1444 regibus

117 1449 201 1489 lberuiae
209 1448 295 1488 floruint.
301 1447 357 1487 Circa
363 1443 586 1493 A.D.DCCCXV1H,
597 1444 681 1493 aDanis,
688 1444 865 1495 velDianamarciS,
875 1449 894 1486 et

116 1504 221 1555 Norvegiis
228 1505 285 1555 gente
294 1507 342 1541 tunc
350 1500 441 1554 temporis
451 1499 530 1539 minime
538 1499 645 1548 Catholica,
655 1500 749 1553 Turgesio
757 1499 811 1550 duce,
820 1514 895 1554 oppug-

115 1562 161 1598 nata
168 1572 203 1610 per
214 1571 275 1597 annos
286 1557 367 1609 triginta
375 1556 498 1596 vehementer
504 1554 572 1607 religio
586 1553 687 1595 Catholica
702 1554 808 1608 affligitur:
823 1556 896 1609 templa

116 1613 248 1666 profanantur,
265 1614 284 1651 et
301 1612 415 1652 diruuntur:
430 1610 537 1650 litterarum
557 1608 621 1649 studia
638 1609 745 1663 sugantur:
760 1611 825 1650 omnia
843 1624 896 1651 sacra

117 1668 221 1708 violantur.
250 1666 289 1707 Sed
305 1666 329 1707 ab
344 1665 419 1706 Ibernis
430 1668 450 1705 et
463 1664 569 1717 Turgesius
586 1663 694 1705 occiditur:
709 1664 786 1706 barbari
800 1665 895 1714 delentur,

118 1722 257 1776 expelluntur,
273 1725 293 1762 et
306 1721 370 1761 insula
377 1720 400 1761 ab
411 1735 433 1761 ea
442 1719 544 1773 tyrannide
560 1719 582 1759 in
588 1719 696 1760 libertatem
710 1720 807 1761 vindicata
813 1720 837 1761 ad
846 1720 895 1774 pris·

117 1778 182 1818 tinum
193 1776 300 1818 Catholicae
309 1776 408 1829 religionis
418 1779 438 1815 et
447 1774 556 1815 liberalium
566 1774 710 1828 disciplinarum
720 1778 793 1816 statum
802 1779 821 1816 et
831 1776 895 1830 splen-

119 1833 185 1873 dorem
194 1831 248 1872 brevi
256 1832 365 1872 restituitur

146 1888 228 1941 Aliquot
238 1886 293 1927 annis
302 1886 403 1926 transactis
413 1899 438 1926 ex
447 1884 518 1925 eisdem
526 1883 620 1938 partibus,
629 1885 719 1925 nonnulli
726 1885 748 1925 in
754 1885 852 1927 Iberniam
861 1900 894 1926 ve-

120 1944 179 1983 niunt
194 1942 258 1982 vocati
268 1955 303 1982 sua
311 1941 378 1994 lingua
388 1940 501 1989 Oosmanni,
512 1941 532 1980 id
543 1943 578 1988 est,
589 1939 696 1989 orientales,
707 1940 786 1982 oriundi
797 1942 827 1995 (ut
837 1941 895 1981 multi

118 1997 236 2051 conjectant)
248 1996 383 2049 superstitibus
392 1995 494 2035 Danorum
511 1998 530 2035 et
549 1994 719 2047 Norvegiensuim,
730 1996 764 2048 qui
778 1997 800 2037 in
816 1996 895 2038 Ibernia

118 2054 220 2106 perierant,
230 2065 270 2091 non
280 2050 348 2091 bellica
354 2050 418 2099 classe,
429 2064 470 2089 non
479 2049 545 2089 hostib
555 2050 625 2099 animo,
632 2050 666 2102 (ita
675 2064 715 2103 prae
725 2064 746 2090 se
754 2050 848 2104 ferebant)
860 2051 895 2090 sed

119 2107 208 2148 amicitiae
218 2106 280 2159 specie
287 2110 307 2147 et
312 2109 423 2147 mercaturae
433 2104 534 2154 faciendae,
542 2108 565 2144 ut
571 2116 629 2157 quam
634 2108 703 2144 terram
709 2105 767 2145 armis
776 2120 816 2146 non
825 2109 894 2159 potue-

117 2167 164 2203 runt
184 2161 270 2202 obtinere
289 2160 374 2215 ejusdem
389 2160 438 2199 mira
446 2159 584 2212 temperatione
597 2162 617 2199 et
626 2159 723 2200 fertilitate
732 2162 817 2213 precario
826 2161 895 2201 saltem

118 2219 234 2259 fruerentur.
262 2216 333 2270 Itaque
343 2214 368 2256 ab
377 2214 454 2255 iternis
463 2214 607 2254 condendarum
613 2213 690 2254 urbium
700 2214 754 2255 sedes
764 2216 785 2256 in
794 2216 895 2256 maritimis

118 2274 163 2322 oris,
181 2275 239 2325 atque
257 2285 330 2312 merces
350 2269 463 2324 exportandi
482 2273 501 2309 et
514 2269 631 2323 importandi
643 2269 756 2310 facultatem
774 2272 894 2325 impetrant:

117 2326 241 2381 magnatibus
250 2326 327 2367 Ibernis
333 2326 426 2366 universae
436 2325 490 2378 regni
500 2323 610 2379 reipublicae
620 2324 743 2365 commodum
752 2326 793 2366 lore
802 2325 895 2367 arbitran-

118 2383 178 2432 tibus,
189 2385 212 2422 ut
222 2382 296 2421 externi
306 2395 338 2421 eos
347 2380 422 2421 labores
432 2379 525 2429 subirent,
536 2392 597 2433 eaque
610 2380 723 2420 commercia
732 2385 841 2431 tractarent,
852 2382 895 2435 qui-

76 2448 77 2451 ’
118 2438 155 2478 bus
165 2436 262 2490 indigenae
269 2437 310 2477 otio
320 2435 386 2484 dediti,
406 2434 534 2488 sudoremque
549 2434 645 2488 fugientes
663 2435 718 2488 pigre
734 2450 774 2477 sese
786 2436 894 2477 tradebant.

118 2493 169 2533 Gurn
188 2505 259 2544 magna
277 2490 402 2531 multitudine
413 2489 524 2540 crevissent,
543 2489 639 2543 urbesque
658 2491 790 2532 inmaritimis
798 2491 895 2544 portubus

118 2547 213 2596 conditas,
227 2546 282 2595 valle,
292 2547 382 2599 fossaque
391 2544 511 2593 muniissent,
526 2543 551 2584 ab
558 2544 673 2585 ihernorum
684 2544 814 2586 dominatione
823 2545 894 2586 descis-

118 2617 167 2653 cere,
177 2601 279 2655 vectigalia
288 2616 329 2642 non
347 2600 430 2654 pendere
439 2603 459 2639 et
468 2597 559 2639 rebellare
569 2604 673 2652 eaeperrmt.
703 2598 748 2643 Quo
765 2604 836 2641 conatu
854 2601 896 2641 cito

119 2659 235 2698 destiterunt
248 2657 299 2698 ferro
309 2655 377 2705 coacti,
387 2667 467 2707 seseque
476 2653 591 2694 lbernorurn
601 2655 710 2708 principum
719 2653 798 2695 arbitrio
814 2656 894 2710 permit-

117 2716 188 2754 tentes.

147 2768 180 2808 Ita
189 2766 213 2808 ab
224 2766 308 2807 extincto
323 2766 416 2819 Turgesio
426 2779 488 2818 usque
502 2764 526 2805 ad
531 2778 604 2805 annum
618 2764 693 2804 circiter
706 2763 848 2815 MOLXVIH,
859 2780 894 2819 per

119 2837 180 2863 annos
190 2825 286 2862 trecentos
296 2825 315 2862 et
324 2836 363 2871 sex,
378 2821 422 2874 plus
436 2822 506 2869 minus,
516 2833 582 2859 rursus
591 2818 689 2859 Cathohca
698 2818 766 2872 religio
777 2835 851 2861 summa
860 2835 894 2861 re·

119 2878 218 2918 neratione
228 2877 280 2917 culta
289 2877 345 2917 luxit.
374 2876 418 2916 Etsi
433 2876 484 2916 enim
498 2874 564 2928 Iberni
579 2873 612 2914 alii
621 2888 665 2914 curn
680 2873 722 2914 aliis
732 2888 773 2916 non
782 2890 825 2916 raro
835 2877 894 2916 intes-

118 2932 160 2972 tina
169 2932 220 2973 bella
229 2931 333 2985 gerebant:
349 2932 413 2972 omnia
422 2931 479 2980 ferro,
490 2931 603 2981 flammaque
617 2928 756 2980 devastabant3
771 2938 836 2971 tamen
844 2934 893 2971 tem-

118 2985 156 3038 pla,
174 2988 288 3038 sacerdotes,
305 2987 397 3040 theologi,
414 2985 531 3040 iurisperiti,
548 2984 665 3039 philosophi,
682 2985 776 3038 historici,
796 2986 895 3040 astrologi,
