2237 3535
361 404 426 431 innan
436 403 534 431 suerrum.
799 391 846 431 xxiii

794 510 844 533 raon

99 546 154 580 CAP.
206 545 232 578 II.
247 543 342 579 Catholicae
351 545 449 591 Religionis
458 545 476 578 in
485 544 558 580 Ibernia
567 542 660 584 stabilitas,
668 548 686 577 et
693 548 763 588 pertin·-

272 590 351 624 bationes
455 611 463 618 -
556 610 563 616 -
656 609 663 615 ·
755 609 761 616 ·
821 591 842 622 6l

195 634 233 668 III.
247 635 399 673 Quemadmodum
407 634 462 679 Angli
470 634 506 668 sint
514 633 605 668 Iberniam
613 633 678 676 potiti?
753 652 762 662 -
821 636 844 667 62

197 680 232 713 IV.
246 679 320 713 Aclriani
328 680 420 714 Pontificis
428 680 503 713 Maximi
511 679 577 712 litterae
585 678 689 711 referuntur
753 698 760 705 -
820 681 842 712 63

209 725 234 758 V.
247 724 287 757 Rex
295 725 365 770 Angliae
372 725 420 759 venit
428 726 446 758 in
454 725 556 759 Iberniam:
569 722 671 768 Anglorum
678 722 761 757 ambitio:

273 769 378 804 Ibernorum
386 771 454 815 aliquot
461 770 535 804 rebellio
657 789 664 795 -
755 790 762 796 -
821 771 843 802 64

197 814 233 847 VI.
247 814 352 849 Ibernornm
360 820 420 850 vatum
427 816 553 860 praesensiones
562 815 584 848 de
592 811 668 847 iberniae
677 813 744 847 excidio
820 816 842 847 65

185 859 231 893 VII.
244 859 257 893 J
258 864 295 893 uste
303 872 324 894 ne
332 861 388 906 Angli
396 860 486 894 Iberniam
494 861 599 894 obtineant?
655 879 662 885 -
754 880 761 886 ·
820 860 843 892 66

177 904 233 938 VIII.
247 905 303 949 Leges
317 910 369 949 atque
381 917 439 939 mores
454 906 521 949 aliquot
533 904 556 939 ab
570 902 635 949 Anglis
646 903 663 936 in
672 902 762 937 Iberninm

270 950 310 983 latae
315 954 422 995 repetuntur
450 969 458 977 -
553 971 560 978 -
654 970 661 976 -
753 970 760 976 -
819 947 842 985 67

197 994 333 1028 IX.Jol1annes
348 993 431 1027 Pontifex
446 994 536 1028 Maximus
549 996 572 1028 ad
583 994 654 1038 Angliae
668 1004 728 1038 regem
741 994 762 1027 de

271 1039 347 1073 iberniae
355 1038 506 1073 administratione
514 1040 576 1073 scribit
753 1061 760 1066 -

206 1084 231 1118 X.
245 1084 308 1128 Iniqua
315 1084 416 1128 Anglorum
424 1082 553 1117 administratio
562 1090 579 1118 et
588 1095 628 1117 cum
637 1084 706 1119 Ibernis
714 1083 760 1117 bella
819 1084 829 1099 ”

319 1234 391 1275 roan
406 1234 435 1274 Il.
451 1234 536 1275 LIBER
550 1235 580 1275 II.

281 1371 394 1399 HAERETIGAE
404 1371 529 1399 TYRANNIDIS
540 1371 618 1399 sultam.

214 1484 230 1516 I.
245 1483 308 1524 Quam,
316 1482 352 1515 sint
360 1482 414 1527 Angli
423 1482 491 1515 lubrica
500 1486 518 1515 et
526 1481 587 1515 Iberni
596 1481 654 1514 stabili
662 1481 747 1526 reilgione

204 1528 231 1566 II.
245 1527 363 1571 Tempestatis
373 1527 427 1570 hujus
440 1527 514 1560 haereses
523 1527 671 1571 quemadmodum
679 1527 758 1571 Religio-

269 1583 309 1605 nem
318 1572 438 1606 Christianam
445 1572 542 1605 invaserint
750 1592 757 1599 ·

192 1617 230 1651 ΙΠ,
245 1618 397 1657 Quemadmodum
411 1617 452 1650 Rex
466 1617 536 1661 Angliae
550 1616 640 1650 Henricus
652 1617 670 1649 in
677 1616 757 1649 haeresim

269 1662 328 1706 lapsus
341 1666 382 1706 post
394 1662 499 1706 religionem
511 1662 529 1695 iu
543 1662 609 1707 Anglia
623 1661 725 1702 extinctam,
739 1662 757 1694 in

269 1707 340 1741 Ibernia
351 1707 414 1740 Fidem
427 1707 537 1742 Catholieam
545 1706 641 1740 tentaverit
649 1717 756 1751 oppugnare,

269 1756 286 1785 et
295 1752 337 1796 quid
345 1752 383 1795 ejus
391 1752 428 1791 filii,
437 1757 455 1785 et
462 1751 540 1785 Jacobus
546 1752 590 1796 Rex
598 1751 672 1785 fecerint

194 1796 229 1830 IV.
245 1796 337 1830 Generalis
345 1797 441 1841 tyrannica
447 1797 575 1841 persecutionis
582 1796 646 1830 relatio

204 1842 228 1875 V.
243 1842 311 1881 Quibus
317 1842 396 1885 judiciis,
405 1846 422 1874 et
430 1843 515 1875 ministris
519 1847 594 1875 utantur
599 1840 655 1886 Angli
660 1841 677 1874 ln
686 1841 757 1875 Ibernio

267 1886 285 1919 in
294 1887 428 1920 Catholicorum
436 1887 537 1921 excidium?
750 1908 756 1914 -

192 1931 226 1967 VI.
241 1931 334 1971 Quomodo
344 1931 405 1965 Iberni
419 1936 516 1976 potuerunt
530 1937 568 1965 tam
575 1933 669 1965 immanem
676 1942 757 1975 persecu-

267 1976 332 2010 tionem
341 1977 433 2018 sustinere,
442 1982 461 2010 et
469 1977 594 2011 haereticorum
607 1977 671 2021 jugum
679 1987 714 2009 non
723 1977 756 2010 dis-

268 2021 367 2055 cusserint?
566 2027 568 2030 ⁴

311 2173 382 2215 TOlII
397 2173 427 2215 Π.
441 2173 526 2214 LIBER
543 2174 584 2214 III.

19 2319 21 2322 ⁴
60 2321 86 2349 DE
94 2321 163 2350 tinans
170 2321 280 2349 HIBaaNLn·
286 2322 372 2350 EVENTIS
379 2323 417 2351 SUB
424 2323 523 2359 namurco,
530 2322 626 2350 EDVARDO
633 2323 658 2350 tt
664 2322 731 2350 urnam
738 2323 835 2352 REGIBUS.

211 2435 227 2468 I.
242 2435 289 2474 Quid
297 2439 357 2469 actum
366 2435 388 2468 sit
396 2436 414 2468 in
422 2435 495 2469 ibernia
503 2437 524 2470 de
538 2436 615 2471 eeclesiae
629 2436 679 2470 bonis
744 2457 752 2465 -
811 2443 834 2473 84

198 2480 225 2514 ΙΙ.
239 2480 352 2525 Religionem
361 2480 470 2514 darhetem
484 2482 543 2515 delere
552 2483 609 2526 Reges
618 2482 699 2525 Angliac3
713 2493 754 2516 con-

264 2537 335 2559 servare
344 2525 405 2559 Iberni
412 2530 503 2569 magnates
511 2527 594 2560 nituntur
648 2545 655 2553 ·

186 2570 224 2604 III.
237 2571 330 2615 Principes
335 2570 426 2604 Hibernos
432 2570 541 2615 Religionem
548 2571 658 2604 Oatholicam
665 2577 754 2607 servantes

263 2616 319 2661 Angli
327 2616 391 2649 sensim
399 2616 458 2649 delere
466 2615 578 2649 constituunt
645 2636 653 2643 -
813 2639 822 2653 μ

188 2660 223 2694 IV.
237 2661 265 2695 De
275 2661 393 2694 O'Sullevano
402 2661 483 2702 Bearrae,
492 2666 509 2694 et
518 2660 607 2694 Beantriae
615 2660 699 2706 Principe
746 2685 753 2691 .
797 2664 800 2671 ¹
814 2666 817 2672 ·
830 2690 834 2698 ,

197 2705 222 2738 V.
235 2706 265 2739 De
274 2706 375 2739 Geraldiuis
383 2706 471 2740 Kildariae
548 2727 555 2733 -
825 2712 835 2723 ”

188 2750 223 2783 VI.
237 2751 265 2785 De
276 2751 399 2790 O’Conchure‚
408 2756 425 2784 et
435 2750 520 2785 0'lllorra
547 2772 553 2777 -
646 2772 653 2779 -
746 2775 753 2781 .

176 2795 222 2829 VII.
236 2795 265 2829 De
273 2795 315 2830 Mac
324 2796 414 2829 Williamo
422 2796 511 2835 inferiore,
520 2800 537 2828 et
547 2794 678 2830 O'Phlatharta
746 2820 753 2826 -
812 2802 834 2833 89

165 2840 223 2874 VIII.
237 2841 266 2874 De
274 2841 355 2874 Roberto
365 2841 440 2875 Iberniae
447 2840 533 2881 Primate,
540 2845 558 2874 et
565 2841 646 2884 patribus
656 2842 751 2877 Societatis
791 2844 833 2878 ibid.

186 2885 222 2919 IX.
236 2885 265 2919 De
274 2886 363 2920 O'Briene
372 2886 461 2920 Tomcniae
470 2890 487 2919 et
497 2885 606 2920 Lomnachae
615 2887 695 2932 principe
745 2910 753 2916 -
811 2893 834 2924 90

195 2930 221 2964 X.
235 2930 263 2964 De
283 2930 341 2964 Maria
362 2931 437 2976 Regina,
458 2935 475 2964 et
497 2931 616 2966 O'Oonchure
634 2932 716 2976 Ophalio,
734 2939 752 2967 et

264 2975 350 3010 O’Morra
811 2982 833 3013 92
