2237 3535
75 422 113 450 cur>
127 406 184 458 vnn]
312 415 339 442 ua
354 413 445 442 renuant
459 411 504 439 srru
520 409 544 437 nr
559 406 648 435 uanius.
824 394 849 432 15

74 522 156 563 foeminae
162 518 215 560 nefas
223 520 252 557 est
261 516 319 558 adire.
348 515 415 556 Insula
421 512 528 554 viventium
535 506 711 560 nominumque
721 506 784 569 inilla
792 521 850 547 nemo

74 577 157 616 animam
166 573 227 613 efflare
237 572 330 613 traditur:
341 570 452 612 moribundi
460 573 524 609 tamen
534 570 563 606 tot
574 562 690 605 cruciatibus
700 561 816 624 afficiuntur,
826 566 849 625 nt

73 630 142 672 malint
150 630 171 669 in
181 627 310 669 continentem
319 628 359 668 lato
375 627 463 667 functum
480 621 555 669 deferri,
566 633 623 673 quam
640 631 697 680 agere
713 622 771 657 utam
788 621 848 657 tantis

74 684 172 726 doloribus
182 697 299 724 concussam.
328 683 354 723 In
370 680 451 722 Ultonia
465 677 558 719 Neachus
575 678 604 715 est
617 672 677 721 lacus,
690 687 712 712 m
722 686 759 726 quo
770 671 847 713 arbores

73 740 229 787 uociferantur,
240 752 321 791 quarum
331 752 374 791 pars
389 750 432 790 quee
444 739 495 775 terra
505 731 596 786 cingitur,
606 729 685 777 ferrum,
696 741 739 780 quae
748 741 797 781 aqua
807 742 847 789 arn-

73 795 132 844 bitur,
142 794 190 847 lapis
197 810 203 843 5
219 807 261 846 quae
270 807 327 847 supra
337 806 405 846 aquam
415 790 489 839 crescit,
505 788 580 841 lignum
595 788 630 825 est.
660 782 685 823 In
702 783 778 823 Bearrac
793 797 847 836 prrn

73 850 139 903 cipatu
148 852 186 889 tres
195 848 275 901 cespites
288 848 358 888 virides
373 852 392 888 et
405 845 482 899 juncosi
492 843 554 883 solent
567 854 613 882 nare
623 839 705 880 durante
714 842 791 892 patrum
801 852 846 878 nos-

73 908 147 944 trorum
163 904 260 952 memoria,
280 907 299 942 et
313 903 386 943 saturni
400 900 467 941 diebus
492 898 625 952 praecipitante
639 893 688 957 sole,
703 907 744 955 sese
759 893 847 955 conferre

72 959 94 999 iu
102 959 155 999 illam
162 957 228 1011 stagni
238 972 296 1007 oram,
307 972 350 1011 quae
359 957 445 1011 proximo
462 953 531 995 sacello
541 952 667 1007 propinquior
676 953 711 999 est,
719 947 847 1010 indidemque

72 1014 134 1054 redire
145 1013 210 1053 diebus
220 1012 265 1053 solis
274 1013 310 1053 sub
320 1026 423 1066 vesperam,
435 1009 585 1069 etiamstveneus
595 1006 686 1069 adversus
693 1005 773 1067 spreti!
803 1004 844 1044 AdÎ‡
852 1014 897 1058 [la]

71 1068 136 1122 jacent
145 1068 227 1108 iberniae
242 1068 266 1107 ad
282 1067 406 1108 meridianam
422 1064 499 1119 plagam
508 1069 558 1106 rutra
572 1065 656 1115 spatium
672 1065 732 1100 trium
746 1059 846 1121 leucarum

72 1123 141 1163 insulae
151 1123 193 1163 duae
202 1124 279 1163 nomine
297 1123 386 1174 Scalagae.
416 1119 504 1161 Quarum
520 1117 580 1169 major
591 1116 656 1157 Sancti
670 1114 773 1156 Michaelis
782 1114 845 1154 Arch-

73 1178 136 1231 augeli
158 1177 245 1232 prasidio
263 1182 282 1217 et
307 1173 452 1216 circuitionibus
474 1175 584 1211 consecrata
606 1171 692 1223 undique
710 1171 787 1224 pelago,
805 1183 846 1224 pree

72 1233 141 1286 ruptis,
157 1236 176 1273 et
192 1232 306 1272 acutissimis
316 1229 399 1282 scopulis
414 1226 504 1274 ambitur,
513 1229 585 1265 utnon
600 1225 692 1266 difficilior
702 1227 728 1266 sit
737 1240 747 1266 e
757 1226 803 1266 navi
813 1225 845 1265 de-

73 1301 157 1335 scensus,
167 1301 223 1339 quam
232 1301 266 1339 per
276 1299 352 1338 asperas
361 1296 418 1335 rupes
425 1294 515 1320 aseensus
525 1280 549 1320 ad
558 1283 617 1332 petree
629 1281 732 1320 uerticem:
748 1279 781 1320 ubi
790 1281 846 1334 juxta

72 1341 189 1393 pellucidum
198 1341 270 1380 iontem
280 1338 369 1391 perennis
379 1349 433 1389 cquae
440 1338 486 1375 sunt
496 1334 546 1374 fana.
562 1335 623 1387 Supra
630 1335 747 1387 Archangeli
754 1335 846 1376 sacellum

72 1399 91 1433 et
100 1395 183 1434 Xirtum
198 1395 227 1434 rel
243 1393 313 1433 vallum
330 1390 434 1438 modicum,
445 1403 482 1443 quo
500 1388 583 1437 ducitur,
593 1388 652 1428 nullae
666 1403 715 1438 aves,
726 1403 807 1441 quarum
816 1392 846 1431 vis

71 1449 139 1500 ingens
149 1447 231 1487 insulam
240 1448 369 1499 frequentant,
379 1447 461 1497 pessunt
470 1443 541 1484 volare.
571 1442 609 1483 Sed
616 1443 688 1483 alarum
694 1457 732 1483 usu
742 1443 845 1493 destituta,

70 1503 129 1553 inque
139 1506 208 1541 terram
218 1500 300 1553 delapsae
309 1501 342 1540 illa
352 1499 434 1553 pedibus
443 1503 550 1539 transeunt.
566 1498 619 1539 Dum
625 1512 670 1538 vero
680 1498 702 1538 in
711 1498 772 1538 Xixto
783 1501 846 1540 Arch-

71 1556 139 1608 angelo
150 1555 218 1604 dicato,
229 1559 248 1595 et
258 1569 316 1608 supra
326 1554 417 1595 sacellum
433 1553 515 1606 pedibus
525 1553 619 1594 incedunt
635 1552 701 1593 volatu
717 1553 803 1604 deiectae,
814 1569 846 1595 eas

70 1623 137 1663 capere
146 1609 176 1650 rel
186 1609 276 1659 occidere,
287 1610 340 1650 nefas
350 1610 411 1649 nostri
421 1609 501 1649 ducunt.

99 1665 252 1718 Septentrionem
267 1679 333 1705 versus
349 1665 370 1705 in
380 1664 432 1704 urbis
443 1663 559 1704 Lomnachee
569 1666 632 1716 portu,
647 1664 734 1716 sequitur
747 1662 846 1704 Iuiscatha

70 1719 133 1760 insula
142 1719 228 1772 proxima
245 1720 360 1768 continenti,
370 1719 441 1759 finibus
451 1718 528 1771 quidem
543 1722 632 1771 angusta,
643 1719 677 1758 scd
690 1719 749 1771 louge
758 1720 846 1760 emeruis-

73 1774 125 1822 sima,
144 1774 240 1826 quondam
254 1774 366 1828 Episcopali
382 1774 430 1814 solio
449 1774 480 1814 rel
499 1773 596 1822 cathedre,
617 1777 636 1813 et
655 1774 732 1827 templis
751 1774 846 1815 undecem

71 1828 148 1877 nobilis,
158 1843 194 1869 uec
209 1828 290 1874 obscura
306 1829 354 1870 Diri
369 1829 439 1870 Serani
449 1828 557 1882 sepulchro,
568 1842 591 1868 ex
601 1842 639 1881 quo
650 1830 683 1882 qui
693 1829 805 1882 scrupulum
814 1830 846 1871 vel

71 1883 156 1937 lapillum
173 1889 232 1936 gerat,
248 1885 301 1925 hunc
315 1884 392 1924 interim
409 1884 571 1937 submergendum
588 1897 627 1924 nen
638 1898 684 1933 esse,
700 1884 794 1925 creditum
810 1889 845 1935 est,

70 1938 128 1978 modo
138 1939 242 1979 catholicus
252 1940 284 1989 sit,
295 1940 318 1979 de
328 1940 439 1980 orthodoxae
449 1939 493 1979 fidei
503 1938 588 1979 articulis
598 1953 638 1979 non
648 1939 754 1993 ambigens.

98 1994 169 2034 Adhuc
185 1994 209 2034 ad
232 1995 332 2034 Arctioum
357 1995 399 2035 coeli
415 2008 507 2035 cacumen
526 1994 587 2047 magis
606 1994 700 2035 accedunt
717 1994 786 2035 insule
804 1998 844 2036 tres

69 2050 148 2088 nomine
157 2049 207 2097 Arae,
219 2063 261 2101 quee
271 2050 303 2089 rix
314 2050 375 2090 leuca
382 2050 446 2103 spacio
453 2049 477 2089 ab
484 2049 564 2089 ibernia
575 2049 652 2090 absunt.
681 2049 753 2089 Earum
760 2051 844 2091 maxima

69 2104 127 2156 vulgo
137 2108 216 2143 vocatur
225 2105 265 2144 Ara
275 2104 396 2154 Sanctorum,
407 2104 459 2158 quod
467 2105 489 2144 iu
498 2104 552 2144 illam
561 2104 608 2144 olim
623 2118 693 2158 magna
707 2104 842 2158 religiosorum

68 2162 126 2211 atque
136 2158 299 2199 sanctissimorum
306 2160 408 2200 hominum
417 2159 522 2200 multitudo
532 2159 642 2200 secederent
652 2164 675 2200 ut
685 2160 803 2200 commodius
813 2161 842 2201 di-

69 2213 156 2254 vinarum
178 2227 242 2254 rerum
257 2214 378 2255 meditationi
396 2219 491 2263 vacarent,
509 2218 528 2254 et
545 2228 565 2254 se
581 2214 620 2254 Dei
642 2215 703 2255 cultui
724 2214 841 2266 addicerent,

67 2267 193 2322 divorumque
202 2268 278 2309 libitina
288 2274 344 2320 esset,
355 2284 437 2323 quorum
447 2270 552 2323 sepulchris
561 2269 657 2322 completa
665 2269 784 2310 nobilitatur.

95 2322 187 2363 Fortium
197 2325 334 2374 mirandorum,
345 2325 379 2378 qui
388 2340 438 2378 aqua
447 2325 510 2379 gelida
517 2338 581 2378 sparsa
591 2330 611 2365 et
620 2329 676 2378 epota
686 2338 746 2378 aegros
756 2325 777 2365 in
791 2327 841 2379 pris-

66 2377 126 2418 tinam
136 2379 264 2420 ualetudinem
274 2381 380 2420 restituunt
388 2380 469 2434 longum
475 2381 627 2421 fuissetncmina
636 2393 750 2433 percensere.
779 2380 841 2421 Plane

66 2431 170 2473 beneficam
180 2437 237 2486 atque
247 2435 350 2476 salutarem
366 2435 415 2475 hanc
425 2436 464 2475 vim
474 2450 513 2476 non
524 2449 591 2475 censeo
602 2434 745 2475 adscribendam
755 2448 796 2475 esse
805 2451 840 2477 nc-

65 2487 123 2528 turali
133 2488 238 2529 efficientiee
247 2490 331 2531 fontium
344 2490 378 2530 sed
384 2491 490 2543 patrocinio
499 2491 600 2539 Diuorum,
615 2490 684 2543 quibus
697 2490 768 2538 fontes,
779 2490 840 2532 dicati

66 2546 111 2583 sunt
121 2548 141 2583 et
151 2557 231 2597 quorum
242 2546 313 2586 attritio
323 2546 392 2598 oegroti
408 2546 512 2598 implorant
521 2559 587 2585 cruces
604 2549 661 2598 atque
676 2545 740 2584 tontes
756 2546 838 2587 circum-

65 2601 139 2638 euntes.
169 2598 208 2639 Hic
224 2614 268 2641 aues
284 2616 308 2641 er
323 2601 401 2642 conchis
417 2600 492 2640 cuidam
509 2600 562 2653 ligno
572 2600 669 2648 meridia,
686 2599 790 2641 fluctuanti
806 2602 838 2643 hee

64 2652 153 2693 rentibus
167 2658 217 2695 natae
228 2656 381 2710 conspiciuntur.
409 2656 459 2701 Quae
474 2655 532 2709 vulgo
550 2654 686 2695 â€œdurridinaeâ€
697 2659 717 2695 et
726 2654 838 2699 bernaculae

63 2712 205 2762 nuncupantur.
494 2718 499 2722 â€œ
