2237 3535
380 414 444 443 tunna
455 411 551 441 CAPITUM·
798 405 850 446 xxvii

123 566 178 601 GAP.
216 561 242 595 ΙΙ.
257 554 483 598 Quemadmodumhellum
491 554 514 587 sit
522 553 540 587 in
549 552 649 586 Momonias
662 553 768 589 translatum
799 525 848 548 HGE

281 607 300 637 et
307 603 337 648 qui
344 604 366 637 ab
374 602 438 647 Anglis
446 598 506 633 statim
515 597 619 632 defecerunt
663 617 670 625 ·
761 623 768 629 .
816 605 848 637 190

204 653 240 687 ΙΙΙ.
253 649 385 683 Momoniorum
394 658 434 681 oum
441 644 505 690 Anglis
510 648 528 677 et
534 644 580 677 inter
588 654 608 676 se
616 644 737 679 contentiones
760 666 767 674 -
815 651 847 683 199

208 697 243 732 IV.
256 694 328 728 Thomu
334 692 437 727 Neurisisin
446 689 548 724 Catholioos
557 688 645 732 expeditio
653 688 710 733 prima
760 713 768 721 .
815 696 849 728 200

215 742 239 775 V.
253 740 325 776 Thomu
333 737 413 772 Norrisis
422 735 510 781 expeditio
518 734 596 769 secunda
660 754 668 761 ·
760 758 767 765 .
813 741 845 773 201

205 787 239 822 VI.
253 785 330 819 Thomas
345 784 410 818 Norris
426 786 444 815 et
462 779 599 815 Castelconuelli
618 778 662 812 baro
678 791 719 814 oum
734 792 766 816 suo

276 830 333 863 fratre
341 829 446 863 occiduntur
565 846 572 853 -
663 846 670 852 -
761 849 769 855 .
814 831 848 864 202

194 876 239 910 VH.
257 874 351 908 Insihiunae
365 875 430 907 barone
443 871 534 905 submerso
550 869 658 904 Gonnachtae
672 870 767 914 praefectus

279 918 455 954 Bealantha-sanium
464 917 517 959 (Beal
525 916 579 949 antha
593 914 646 957 Sani)
655 926 714 949 arcem
723 917 768 950 obsi-

279 966 319 999 det:
334 962 442 998 O’Donellus
450 960 541 995 obsidione
549 960 614 994 liberat
625 963 643 993 et
653 959 769 996 Olanrichar-

280 1007 394 1044 daminvadit
460 1026 467 1034 -
560 1027 567 1033 -
659 1027 667 1034 .
760 1029 767 1036 .
805 1010 846 1046 10111Ι

186 1056 241 1091 VIII.
254 1054 310 1089 Huon
317 1064 358 1087 oum
365 1050 452 1085 Uumonio
461 1054 533 1095 pugnat.
548 1050 661 1084 Orochauum
673 1052 766 1087 castellum

293 1098 365 1144 Ophalii
370 1098 481 1140 expugnant:
494 1099 512 1128 et
520 1095 542 1129 de
550 1096 605 1129 Patre
613 1096 695 1130 Archene
760 1120 767 1127 .
813 1104 847 1136 204

207 1146 241 1180 IX.
255 1145 303 1184 Quid
316 1142 373 1189 egerit
387 1150 444 1173 comes
457 1139 543 1173 Essexius
551 1142 569 1173 in
577 1140 673 1175 Momoniis
681 1146 700 1175 et
708 1143 766 1188 Lage-

278 1190 313 1222 nia.
337 1184 435 1220 Resvariae
443 1188 539 1217 narrantur
658 1207 665 1213 .
758 1211 765 1216 ,
811 1194 846 1226 206

208 1237 234 1270 X.
249 1232 355 1269 Uonnachtae
360 1229 454 1274 praefeetus
460 1229 482 1262 ab
489 1229 587 1263 O'Donello
595 1230 655 1274 praelio
664 1238 765 1278 peremptus
811 1239 846 1271 209

200 1281 236 1314 XI.
251 1273 588 1318 QuidEssexiusiuUltoniagessenit?
658 1296 665 1303 .
757 1300 764 1307 .
810 1284 842 1315 211

190 1326 235 1360 XII.
249 1321 341 1357 Pontificis
346 1318 426 1353 Maximi
433 1322 451 1351 et
460 1317 550 1362 Hispaniae
563 1319 610 1363 regis
622 1319 677 1363 legati
690 1322 709 1354 in
717 1323 766 1357 Iber.

279 1366 326 1399 niam
332 1365 410 1398 ueniunt.
423 1362 472 1402 Quid
480 1362 566 1396 O'Nellus
574 1364 593 1396 in
601 1363 766 1408 Momoniafeoerit,

280 1410 358 1443 Bluntus
370 1419 435 1453 prorex
446 1408 465 1440 in
473 1407 561 1442 Ultonia?
585 1409 627 1442 Mac
636 1409 693 1443 (tuter
701 1415 718 1444 et
727 1413 767 1447 Mo.

283 1455 383 1488 neniarum
397 1453 491 1497 prefectus
503 1454 570 1487 mutuis
578 1453 680 1488 vulneribus
688 1467 768 1491 succum-

279 1501 323 1533 bunt
461 1518 469 1526 ·
561 1520 567 1525 ·
660 1522 667 1528 -
760 1525 767 1533 .
813 1507 847 1539 212

326 1721 397 1763 ΤΟΜΙ
411 1722 452 1763 ΠΙ.
467 1721 552 1763 LIBER
567 1724 604 1764 VI.

281 1903 308 1930 DE
323 1902 387 1930 BELLO
406 1902 524 1933 QUINDECIM
539 1902 647 1932 ANNORUM.

220 2053 235 2085 I.
249 2050 401 2090 Quemadmodum
410 2049 498 2083 Catholici
506 2050 541 2083 sint
549 2050 615 2085 viribus
625 2052 711 2093 diminuti,
720 2065 767 2088 sum-

281 2095 343 2129 matim
351 2095 416 2128 dicitur
461 2116 468 2122 -
560 2116 568 2122 -
659 2118 666 2124 .
759 2121 766 2127 .
813 2105 847 2137 211

209 2143 236 2176 ΙΙ.
250 2140 321 2174 Huonis
330 2140 420 2174 O'Morrae
428 2151 470 2174 nece
479 2139 558 2184 Lagania
565 2146 639 2185 pacatur
659 2163 666 2169 -
761 2166 768 2172 .
814 2150 848 2182 215

200 2187 237 2222 III.
251 2186 383 2220 Momoniarum
390 2185 455 2219 bellum
464 2184 563 2218 consectum
660 2209 667 2214 -
760 2211 768 2218 .
806 2193 847 2228 1001,

204 2232 240 2265 IV.
255 2231 327 2265 0¹Nelli
334 2231 380 2264 vires
389 2230 479 2263 diminutae
561 2251 569 2258 -
660 2254 667 2260 .
760 2256 767 2262 .
813 2240 848 2276 217

216 2277 241 2310 V.
256 2276 351 2310 O’Donelli
359 2275 405 2309 vires
413 2286 477 2320 magua
483 2280 534 2319 parte
541 2275 662 2320 infringuntur
760 2301 768 2308 .
814 2285 849 2318 210

205 2321 241 2355 VI.
254 2322 276 2356 A.
287 2321 365 2355 O'Nello
373 2325 391 2354 et
400 2320 498 2355 O'Donello
506 2320 555 2354 missi
566 2322 632 2355 auxilio
639 2323 658 2356 in
666 2323 767 2358 Momonias

280 2369 406 2400 revertuntur:
413 2366 434 2399 de
441 2365 509 2399 Comite
517 2365 644 2400 Olanrichardo
650 2372 667 2402 et
672 2368 767 2414 Dermysio

281 2411 372 2456 Eptscopo
464 2432 470 2439 -
562 2432 570 2438 -
661 2435 667 2440 .
761 2437 768 2443 .
814 2420 849 2452 222

195 2456 242 2490 VII.
255 2456 340 2490 Iohannis
351 2456 421 2500 Aquilae
428 2456 514 2490 adventus
522 2455 541 2489 in
549 2455 638 2490 Iberniam
661 2479 668 2486 -
761 2479 768 2487 -
813 2466 848 2497 223

185 2501 241 2536 VIII.
255 2501 334 2536 Zubiaur
341 2502 361 2534 in
374 2501 462 2536 Iberniam
473 2501 551 2546 appellit,
560 2506 578 2535 et
591 2503 704 2547 cumregiuae
713 2504 768 2538 classe

280 2546 357 2580 secunde
364 2549 433 2591 pugnat
464 2566 470 2573 ·
562 2568 569 2574 -
660 2570 667 2575 .
761 2571 767 2578 .
814 2556 848 2588 225

201 2591 238 2626 ΙΧ.
251 2593 306 2637 Apud
313 2591 416 2625 Kensaliam
424 2590 511 2624 Catholici
518 2590 617 2625 infoeliciter
625 2604 663 2626 reni
671 2599 737 2638 gerunt
760 2618 767 2624 .
814 2602 849 2634 220

212 2637 239 2672 X.
252 2637 337 2672 O’Nellus
345 2637 363 2670 in
371 2636 463 2671 Ultoniam
468 2636 576 2688 auertitur:
586 2637 694 2678 O'Douellus
702 2640 721 2673 in
727 2640 769 2674 His-

201 2681 582 2772 n.1.t'ttttstttitttltttttt
660 2705 667 2757 ζ
761 2709 768 2760 ζ
814 2692 849 2768 ἓξὲξ

190 2772 237 2806 XII.
252 2773 293 2807 0¹N
293 2773 338 2807 ellus
345 2772 393 2818 pacis
401 2772 509 2806 conditiones
517 2771 580 2816 accipit
661 2796 667 2803 .
761 2799 768 2806 .
815 2782 849 2813 232
