2174 3535
218 384 259 422 304
349 382 485 422 o'surnnvanr
499 395 602 424 nrsronnn
617 396 742 435 cnrnonrcn,
756 398 803 425 rou,
819 395 847 424 rv.
910 383 960 436 [nna.
975 396 990 423 r.

245 492 296 532 Turn
305 490 373 545 ingens
382 492 512 534 multitudinis
522 492 594 533 clamor
603 492 673 532 aethera
692 494 742 543 ferit,
753 499 835 544 sanctos,
845 497 864 534 et
879 494 991 534 innoeentes

216 547 294 600 injuste,
305 552 325 587 et
334 548 463 589 crudelissime
479 548 566 597 interfici,
578 562 598 587 se
607 546 764 600 vigilantissimis,
774 549 883 603 pastoribus
897 548 991 601 sociisque

216 602 334 643 charissimis
343 603 427 656 spoliari.
457 603 501 647 Qua
510 603 534 643 de
547 617 569 643 re
582 602 688 657 perterritis
702 602 857 645 Protestantibus
872 603 991 645 Challinerus

217 658 294 711 Anglus
304 657 475 698 Ministrcclericus
492 658 583 698 accedens
600 656 624 697 ad
634 657 744 710 episcopum
754 658 865 712 interrogat,
876 663 952 714 “qnam
967 657 991 698 ab

217 726 294 753 causam
304 726 324 751 se
334 711 446 752 damnatum
455 713 514 753 fuisse
529 712 610 766 putabat
618 711 639 752 ?''
669 712 706 752 Cui
716 711 789 752 Praesul
799 714 854 763 dirit,
866 718 879 736 “
885 729 925 755 non
934 713 991 754 aliam

217 767 328 807 obcausam
347 781 367 807 se
390 772 452 807 morte
470 768 541 821 puniri,
562 780 620 820 quam
636 766 697 816 Fidei,
718 771 737 806 et
755 766 862 820 Religionis
880 769 990 817 Catholicae,

217 835 293 875 suaeque
303 835 347 874 erga
356 821 464 862 Romanam
473 822 580 863 Ecclesiam
590 821 724 862 obedientia?
754 825 767 843 “
774 821 929 875 lmpmdenter,'’
941 824 990 863 “in-

216 877 257 929 qnit
267 876 388 926 haereticus,”
399 876 488 930 loqueris,
499 880 518 917 et
532 876 638 918 mortaliter
650 891 718 929 peccas
728 876 749 916 in
765 877 832 917 mortis
848 879 927 919 articulo
937 893 990 918 men-

215 932 287 980 tiendo,
297 931 378 985 ideoque
388 946 428 972 non
438 936 473 982 est,
484 947 518 973 cur
527 946 598 986 speres,
608 932 627 971 te
633 932 674 972 fore
685 931 778 972 salvum?
794 931 852 972 “Oui
861 932 989 987 Episcopus,’'

216 985 327 1035 “adeone”
342 987 412 1041 inquit,
431 990 445 1008 “
452 991 474 1027 tu
483 987 592 1040 Theologus
603 987 678 1040 sapiens
689 1001 714 1036 es,
722 990 744 1026 ut
754 986 790 1027 tihi
798 1001 911 1040 persuasum
920 988 990 1029 habeas

215 1056 271 1082 omne
287 1041 408 1082 mendacium
423 1056 464 1082 esse
480 1042 560 1083 mortale
576 1047 690 1096 peccatum:
706 1042 741 1081 etsi
756 1042 793 1082 hoc
810 1056 847 1095 ego
863 1044 990 1083 commiserim

213 1111 254 1137 non
264 1111 304 1151 esse
314 1097 376 1138 adhuc
385 1098 502 1151 penitentiae
518 1097 600 1138 locum?
630 1096 722 1141 Quinimo
737 1101 765 1146 tu,
783 1097 816 1150 qui
831 1097 880 1137 soles
895 1099 988 1139 mentiris.

213 1152 266 1192 Nam
282 1155 351 1205 praeter
365 1153 416 1193 hanc
432 1167 508 1193 causam
524 1153 574 1193 nihil
587 1155 651 1206 potest
668 1152 716 1192 mihi
732 1151 793 1205 culpae
807 1152 858 1202 duci,
874 1153 918 1205 qnia
937 1154 959 1203 si,
969 1157 989 1194 te

213 1207 312 1256 suadente,
322 1208 380 1260 regiae
390 1211 447 1248 sectae
459 1207 577 1257 assedissem,
592 1207 641 1247 nihil
657 1208 706 1247 mihi
715 1221 755 1246 non
770 1207 839 1249 fuisset
852 1208 988 1248 condonatum.

213 1262 252 1302 Abi
262 1276 314 1303 nnnc
324 1263 344 1302 in
359 1262 430 1303 malam
445 1277 521 1304 crucem
536 1263 606 1303 Satane
622 1261 787 1302 mendacissime?
814 1262 864 1302 Cum
876 1263 901 1302 ad
910 1264 989 1303 tertium

212 1317 307 1357 scalarum
323 1318 404 1370 gradum
421 1318 544 1371 pervenisset,
560 1317 666 1358 orationem
683 1317 708 1358 ad
722 1316 816 1370 populum
833 1318 901 1357 statuit
919 1317 990 1358 hebere

212 1373 314 1426 propositis
324 1372 362 1413 illis
371 1373 418 1413 nivi
428 1373 484 1414 Pauli
492 1373 568 1422 verbis;
585 1376 600 1394 “
607 1372 627 1412 Si
636 1373 725 1426 Angelus
742 1372 765 1412 de
775 1373 821 1412 eaelo
832 1373 989 1426 evangelisaverit

211 1427 265 1468 vobis
275 1427 336 1477 aliter,
347 1442 405 1482 quam
414 1428 500 1478 audistis,
510 1428 571 1468 nolite
581 1427 656 1468 credere
671 1428 689 1468 ei
699 1428 750 1468 tucn.
780 1426 876 1467 Caeterum
885 1428 933 1482 regii
943 1442 988 1468 con-

212 1483 283 1532 siliarii,
294 1483 327 1535 qni
343 1483 444 1524 sententiae
459 1483 576 1536 exequendae
592 1482 726 1537 presidebant,
744 1483 832 1531 carnifici,
844 1486 866 1522 ut
882 1483 988 1524 orationem

211 1538 346 1591 interrumpat,
355 1539 458 1592 imperant.

239 1593 283 1646 Ego
294 1593 371 1645 quidem
387 1593 484 1633 neminem
501 1593 558 1632 etiam
575 1591 687 1632 haereticum
702 1595 751 1644 puto
761 1592 820 1633 fuisse
830 1592 877 1633 aded
886 1592 985 1642 stolidum,

212 1652 231 1688 et
246 1647 336 1698 inscium,
352 1654 375 1687 nt
389 1662 432 1688 non
445 1647 560 1688 intellexerit
575 1647 611 1687 hos
627 1647 677 1687 viros
693 1646 764 1699 injuste
780 1648 842 1701 argui,
860 1652 879 1688 et
894 1648 987 1689 damnari.

211 1703 302 1756 Namque
308 1703 391 1743 carnifex
401 1704 442 1755 ipse
453 1703 554 1743 haereticus
570 1701 645 1742 veniam
662 1701 794 1742 committendi
811 1702 905 1756 sacrilegii
914 1703 986 1756 episco-

209 1772 256 1811 pum
266 1761 328 1810 rogat,
339 1771 397 1811 quarn
407 1757 439 1797 ille
449 1772 469 1797 se
479 1758 524 1797 dare
530 1756 659 1810 placidissimo
669 1756 727 1795 vultu
736 1756 790 1797 dixit.

238 1812 374 1867 Spectantihus
389 1812 427 1852 hoc
443 1826 533 1866 magnam
549 1810 695 1851 admirationem
712 1812 777 1861 nrovit,
789 1812 841 1865 quod
857 1815 918 1853 tortor
932 1812 986 1853 miles

209 1868 301 1909 rebustus
310 1871 365 1908 aetate
374 1868 451 1917 florens,
462 1867 496 1920 qui
512 1870 618 1919 martyrum
634 1866 730 1905 carnificio
744 1880 764 1906 se
773 1868 833 1908 vitam
843 1867 987 1921 redempturum

210 1938 251 1964 non
265 1922 373 1977 ignorabat,
391 1923 446 1975 quasi
461 1923 491 1963 sni
507 1922 607 1974 incompos
623 1920 643 1961 in
659 1921 714 1961 scalis
733 1921 835 1971 titubabat,
851 1926 870 1962 et
886 1924 986 1976 episcopus

210 1993 273 2028 senex,
285 1977 352 2018 debilis
361 1976 457 2030 intrepide
467 1977 526 2018 scalas
536 1975 628 2024 ascendit,
637 1976 659 2016 iu
675 1976 740 2029 eisque
752 1976 834 2031 loquens
844 1977 907 2018 stabat
915 1977 985 2018 rubore

209 2034 304 2088 perfusus,
315 2032 363 2073 collo
382 2046 419 2073 suo
438 2032 526 2086 laqueum
547 2030 645 2085 imposuit,
666 2030 761 2072 sudariolo
785 2032 854 2073 faciem
878 2033 984 2087 cooperuit,

207 2090 285 2142 junctas
300 2102 368 2128 manns
384 2088 469 2128 carnifici
484 2090 507 2127 ut
521 2087 641 2127 vincirentur
655 2086 746 2139 porrexit.
775 2087 801 2128 In
817 2087 875 2140 hujus
891 2089 948 2129 etiarn
957 2088 986 2128 rei

209 2143 393 2196 contemplatiunom
404 2144 481 2183 attoniti
490 2141 619 2195 rapiebantur,
630 2141 682 2193 quod
697 2140 730 2181 illa
745 2145 787 2183 tota
796 2143 837 2183 dies
848 2146 887 2183 erat
897 2143 984 2192 obscura,

209 2203 228 2240 et
237 2198 398 2247 tenebrosissima,
405 2197 490 2238 nubibus
496 2196 614 2237 densissimis
625 2196 670 2236 solis
676 2196 796 2249 splendorem
805 2198 985 2247 intercludentibus,

209 2255 360 2307 spississimaque
369 2253 441 2294 nebula
456 2254 547 2307 majorem
564 2250 665 2304 caliginem
682 2255 736 2291 terrae
746 2252 861 2294 obducente.
889 2253 930 2294 Ubi
940 2267 985 2293 vero

208 2309 309 2350 Cornelius
325 2309 383 2362 pedes
399 2309 420 2348 in
437 2308 492 2349 scalis
508 2307 614 2355 collocavit,
626 2305 691 2346 subitb
701 2308 800 2360 sanguinei
810 2307 879 2348 coloris
888 2307 950 2348 nubes
960 2307 985 2348 ob

208 2364 268 2405 solem
277 2364 372 2417 apparuit,
382 2377 417 2418 per
427 2378 485 2417 qnam
494 2362 523 2402 sol
532 2362 596 2403 radios
607 2361 709 2414 ejaculaus,
719 2362 792 2412 urbem,
800 2362 898 2412 suburbia,
910 2367 929 2404 et
939 2377 985 2417 sup-

207 2420 261 2473 plicii
276 2418 341 2459 locum
354 2418 457 2468 illuminat,
473 2417 558 2467 aedificis,
576 2416 677 2469 solumque
693 2417 774 2469 puniceo
784 2417 847 2458 colore
861 2418 985 2472 perfundens,

208 2475 268 2528 qualis
278 2473 328 2513 solet
338 2487 378 2514 esse
387 2472 454 2513 solaris
464 2472 527 2513 radius
536 2487 571 2526 per
587 2470 668 2513 rubrum
678 2472 749 2511 vitrum
763 2474 860 2527 trajectus.
889 2474 910 2514 Is
920 2473 985 2526 fulgor

207 2531 268 2583 major
277 2528 368 2582 supplicii
376 2529 448 2577 locum,
458 2528 491 2569 sed
500 2528 596 2568 maximus
612 2526 723 2579 episcopum
737 2526 879 2577 circumstabat,
889 2528 985 2581 verbaque

206 2586 298 2626 facientes
314 2598 336 2623 os
344 2582 420 2637 ingredi
429 2582 556 2624 videbantur:
571 2583 593 2623 in
610 2581 665 2621 aliam
681 2580 726 2621 verb
735 2582 808 2623 nullam
817 2583 869 2623 illius
879 2583 984 2624 horizontis

206 2640 283 2694 plagam
294 2639 323 2679 sol
332 2639 395 2679 radios
406 2638 498 2687 emittere,
509 2638 613 2678 similemve
623 2635 686 2676 lucem
696 2635 801 2679 diffundere
811 2639 864 2678 visus
874 2642 908 2678 est.
933 2637 984 2678 Cum

206 2696 251 2736 verb
268 2695 369 2748 episcopus
384 2693 409 2734 de
425 2693 481 2734 scalis
498 2692 636 2740 devolveretur,
652 2691 677 2732 ad
694 2691 793 2744 pristinam
810 2692 952 2741 obscuritatem,
964 2697 983 2734 et

206 2751 305 2791 tristitiam
315 2749 355 2789 dies
364 2748 444 2803 repente
453 2748 561 2789 revertitur.
581 2746 668 2788 Antistes
678 2746 729 2786 iuter
738 2747 900 2802 suspendendum,
907 2747 983 2788 nullum

206 2805 314 2847 membrum
330 2805 405 2858 impetu
418 2804 503 2857 agitavit.
533 2802 640 2843 Semivivus
655 2816 666 2841 a
683 2805 753 2842 tortore
764 2802 858 2843 demissus
868 2817 879 2842 a
888 2803 940 2844 furca
950 2804 983 2843 vir

205 2862 243 2902 fuit
253 2860 314 2914 capite
324 2863 431 2909 truncatus,
441 2873 485 2899 cum
494 2858 543 2898 illud
552 2856 621 2910 aliquis
638 2855 720 2896 Ibernus
730 2858 799 2911 rapuit,
810 2856 873 2909 quiin
883 2859 981 2899 confertis-

206 2917 274 2957 simam
283 2929 362 2956 suorum
372 2914 514 2955 Catholicorum
525 2913 603 2953 turbam
613 2924 652 2951 sese
663 2911 741 2961 abdens,
752 2912 840 2966 elabitur,
850 2926 885 2953 nee
895 2927 981 2966 unquam

205 2972 243 3013 luit
252 2974 345 3025 repertus,
356 2974 388 3010 aut
399 2969 488 3023 cognitus
498 2968 585 3021 quamvis
592 2979 660 3019 proter
667 2967 747 3007 delatori
753 2968 874 3021 proposuerit
880 2968 981 3022 praemium
