2237 3535
123 399 168 427 oar.
183 384 240 436 vnn]
341 398 368 425 11
383 400 446 428 annuo
461 401 580 431 1111111111
595 400 702 428 1111111111,
858 384 896 423 225

121 500 142 537 et
151 494 274 535 tabernacula
283 495 364 546 diruere,
372 496 456 538 interdiu
465 512 499 552 pro
515 511 571 537 muro
581 497 662 546 fortiter,
673 499 693 536 et
707 493 791 535 animose
802 493 897 541 dimicare,

121 556 182 591 noctu
199 550 261 590 faeere
275 550 349 591 crebras
365 553 481 606 eruptiones,
498 552 626 601 excubitores,
637 556 656 591 et
673 551 770 591 circitores
785 549 896 597 interficere,

120 604 222 646 tormentis
232 604 295 646 olavus
304 606 388 660 infigere,
399 622 437 661 quo
447 607 511 657 modo,
521 608 595 661 majore
604 607 719 660 Auglorum,
731 618 789 658 quam
799 604 897 656 Hispano-

120 675 165 701 rum
174 659 228 701 clade
238 660 352 703 dimicatur:
367 677 412 703 uam
428 663 449 703 11
464 663 582 703 conserenda
591 676 650 702 manu
660 665 697 701 >est
706 660 790 713 Hispani
800 659 897 720 peditatus

120 719 167 755 nota
172 715 261 755 firmitas.
276 715 355 757 Carolus
365 717 410 759 Mae
420 718 510 759 Cartha*
521 717 599 758 lbernae
609 716 699 765 cohortis,
710 729 753 768 quae
764 730 787 755 er
802 714 897 767 Hispania

119 771 206 823 profecta
215 774 261 820 erat,
272 771 312 811 dux
327 776 393 813 contra
407 773 483 827 Anglos
497 773 574 814 fortiter
583 773 672 827 praelians
683 771 751 811 cecidit
761 770 829 810 occisis
844 769 896 830 prius

120 825 197 865 duobus
207 825 277 879 buglis
288 826 375 877 ducibus,
386 832 405 868 et
415 829 474 869 clavis
487 832 585 869 tormento
596 828 666 868 infixis.
681 826 780 879 Principio
790 824 896 865 obsidionis

120 879 261 921 O’Sullevanus
270 881 345 922 Bearrae
355 883 444 937 princeps
453 899 465 924 a
473 898 554 937 prorege
567 887 658 924 evocatus
675 881 755 935 imperio
770 895 811 920 1111
825 879 895 933 paruit,

118 939 208 976 causatus
224 940 310 989 oportere
325 951 345 977 se
362 938 414 978 domi
430 943 521 992 spectare,
537 943 561 979 ut
577 940 625 979 fines
635 952 680 978 suos
690 936 797 978 afinitimis
807 934 896 976 hostibus

119 990 215 1040 defendat,
225 1005 269 1036 cum
286 991 401 1045 quibusdam
420 993 545 1034 familiaribus
562 994 602 1034 suis
619 995 692 1042 fiotum,
710 996 768 1045 atque
783 991 895 1031 simulatum

117 1044 191 1085 bellum
200 1060 264 1099 gerere
274 1048 389 1100 incipieus.†

438 1304 495 1344 CAP.
512 1303 574 1343 VIII.

168 1440 247 1473 Zubiaur
254 1438 273 1470 11
282 1437 373 1470 Iberniam
382 1435 461 1480 appellit,
470 1439 536 1467 etcum
544 1434 610 1479 reginae
619 1435 673 1468 classe
682 1433 759 1468 secunde
768 1440 842 1480 pugnat.

115 1551 210 1591 zennon
227 1565 271 1591 oum
288 1548 370 1590 navibus
390 1552 469 1602 septem,
490 1546 561 1600 quibus
580 1549 704 1598 munitiones,
724 1553 743 1589 et
765 1555 894 1593 commeatum

114 1605 203 1655 vehebat,
222 1620 289 1646 rursus
306 1604 398 1657 Aquilam
415 1606 492 1643 secutus
510 1602 568 1656 juxta
583 1603 645 1644 Portu
665 1604 764 1645 castellum
786 1606 849 1659 [Guan
869 1622 894 1647 arr

114 1660 224 1714 Caishlean)
238 1660 351 1713 (castellum,
367 1662 386 1699 et
400 1662 469 1712 portus
485 1657 571 1710 ejusdem
588 1659 893 1713 11111151511111111·111)1111

114 1716 183 1769 procul
195 1716 209 1755 >a
225 1715 308 1769 scopulis
326 1729 390 1754 errans
407 1713 558 1767 periclitabatur.
587 1714 642 1754 Tunc
660 1716 751 1768 temporis
762 1716 818 1756 illum
827 1717 892 1757 locum

113 1770 244 1823 possidebant,
264 1770 376 1823 Dionysius,
394 1768 512 1821 Dermysius
529 1768 636 1819 Cornelius,
656 1770 756 1819 Thadaeus,
776 1775 796 1811 et
819 1771 891 1812 Darius

115 1825 238 1866 O'Driseoles
248 1826 321 1874 fratres,
333 1825 367 1877 qui
376 1823 467 1864 Zubiauri
477 1823 551 1863 aditum
566 1825 698 1874 ostenderunt,
709 1829 728 1865 et
738 1826 837 1866 castellum
851 1831 890 1867 tra-

114 1881 231 1932 diderunt:‡
246 1884 265 1920 et
282 1894 327 1919 eum
337 1879 451 1932 Dermysius
462 1878 490 1917 vir
509 1877 601 1930 prudens,
612 1883 631 1919 et
640 1879 716 1920 Latinae
729 1880 802 1933 linguae
814 1896 855 1922 111
869 1883 890 1922 in

114 1936 166 1975 scius
175 1937 230 1989 regni
239 1938 311 1975 statum
321 1933 393 1974 11111111.
423 1932 480 1972 Brevi
491 1932 556 1972 classis
564 1934 637 1987 regina
653 1934 725 1988 optime
740 1936 853 1988 1151111111,Ιί
870 1941 889 1977 11
896 1956 955 1999 [wo]

113 1990 199 2030 militum
218 2003 298 2030 numero
316 1988 402 2040 superior
418 1991 496 2041 portum
511 1987 599 2040 ingressa
615 1988 716 2029 Zubiauris
733 2004 790 2030 naues
807 2005 848 2031 1111
865 1993 889 2033 ad

112 2059 200 2098 pugnam
216 2044 262 2085 satis
277 2044 389 2092 instructas,
399 2043 433 2082 sed
449 2042 548 2091 vectoriaS,
559 2043 681 2096 navigatione
698 2049 780 2094 vexatas,
791 2049 811 2085 et
827 2047 889 2087 littori

113 2101 225 2153 applicatas,
235 2103 293 2152 atque
303 2097 402 2139 castellum
412 2097 571 2137 machinamentis
580 2098 656 2138 nudum
665 2102 805 2139 tormentorum
815 2101 888 2142 ictibus

112 2154 192 2207 impune
202 2154 294 2203 verberat,
305 2159 325 2193 et
332 2153 370 2206 ipsi
379 2152 440 2204 Angli
448 2152 468 2191 11
484 2155 555 2192 terram
572 2152 681 2193 descensuri
696 2154 816 2195 videbantur.
847 2156 888 2197 01-

112 2212 176 2248 terum
185 2208 269 2249 Zubiaur
278 2209 290 2248 a
300 2207 400 2261 Dermysio
411 2207 434 2247 de
444 2206 501 2246 rebus
511 2207 588 2261 egregie
598 2208 683 2258 edoctus,
694 2212 712 2249 et
726 2210 839 2263 impendens
850 2211 888 2251 sibi

112 2263 219 2315 perieulum
234 2263 341 2317 praevidens
351 2263 410 2311 aliter,
421 2276 443 2302 ao
452 2262 524 2315 Aquila
538 2263 584 2302 fecit
589 2280 596 2312 3
611 2263 680 2303 litteris
690 2264 752 2304 missis
762 2265 887 2306 O'Sullevani

112 2318 188 2358 Bearrae
197 2318 289 2372 principis
300 2318 393 2358 auxilium
402 2317 480 2357 nomine
489 2316 585 2358 Catholici
592 2318 651 2372 Regis
660 2319 800 2372 imploraverat.
816 2320 886 2361 O’Sul-

111 2373 197 2422 levares,
208 2376 227 2413 et
243 2377 297 2427 pater
313 2387 368 2414 meus
382 2372 500 2425 Dermysius,
512 2373 546 2425 qui
556 2377 604 2418 tune
617 2374 638 2413 in
646 2373 738 2414 Beantria
752 2379 812 2424 eraut,
823 2376 887 2417 leucas

112 2429 198 2481 quinque
221 2428 368 2477 Portucastello,
391 2428 442 2467 intra
465 2427 521 2466 horas
544 2428 615 2481 viginti
639 2433 721 2482 quatuor
739 2434 784 2482 post
799 2436 887 2484 receptas

112 2482 213 2524 Zubiauris
229 2483 309 2533 litteras,
334 2498 379 2524 eum
402 2480 498 2535 peditibus
523 2483 641 2536 quingentis,
661 2489 681 2523 et
698 2485 764 2537 paucis
788 2486 887 2538 equitibus

112 2538 178 2579 electae
197 2539 306 2592 juventutis
327 2538 357 2578 illi
379 2541 449 2592 praesto
473 2536 552 2576 1111111111
576 2538 642 2578 eodem
666 2540 757 2592 temporis
781 2546 880 2582 momento

880 2575 887 2591 1

112 2606 151 2645 quo
178 2593 239 2647 Angli
267 2595 288 2634 in
315 2594 382 2634 lintres
409 2591 527 2640 exsiliebant,
557 2596 580 2631 ut
609 2593 741 2646 Hispanorum
769 2596 888 2647 paucitatem

135 2749 143 2765 *
155 2749 173 2782 A
186 2749 280 2783 Darmond
294 2749 397 2794 Mbarthy,
413 2748 505 2793 pensioner
518 2747 540 2781 of
548 2748 579 2781 the
592 2747 642 2793 King
656 2749 676 2782 of
686 2749 744 2793 Spain,
761 2750 776 2784 is
785 2754 889 2789 mentioned

113 2792 190 2834 (Pacata
199 2795 291 2834 Hibernia,
300 2807 318 2839 p.
328 2794 371 2838 371)
380 2806 398 2828 as
407 2794 461 2828 killed
468 2793 487 2826 iu
494 2793 530 2826 this
538 2793 610 2826 assault.

135 2839 145 2879 †
157 2838 195 2871 Not
203 2840 300 2873 confirmed
314 2840 336 2885 by
345 2840 413 2873 Pacata
426 2838 518 2880 Hibernia,
531 2850 549 2882 p.
558 2841 599 2871 400.
624 2838 676 2872 Nune
691 2839 711 2872 of
720 2840 750 2874 the
761 2846 857 2886 protected
870 2857 889 2879 or

112 2882 204 2923 pardoned
212 2885 295 2918 Munster
302 2885 350 2918 Irish
358 2896 397 2918 rose
403 2884 449 2917 until
458 2883 558 2917 O'Donnell
565 2894 614 2917 came
622 2890 703 2929 amongst
711 2885 765 2920 them.

136 2927 146 2968 ‡
158 2927 226 2962 Pacata
233 2930 327 2969 Hibernia,
334 2941 363 2974 pp.
373 2932 414 2969 400,
422 2931 462 2962 401.

226 2978 252 3014 29
