2237 3535
217 387 244 425 46
345 386 480 429 o’sonnuvaur
493 400 594 428 nrsronrn
609 400 735 439 carnosiora,
745 402 793 431 ron.
802 403 817 430 1.
905 390 955 442 [nm.
966 403 994 431 rr.

218 499 293 538 exteras
303 500 370 552 gentes
379 497 527 539 inundationem
536 498 597 539 tacere
613 498 673 539 tuisse
689 499 762 549 solitos,
778 502 859 541 testatur
874 498 938 540 Divus
948 499 994 541 Ber-

217 552 297 603 nardus,
315 552 388 593 addens
405 568 428 594 en
444 553 576 595 Eencornensi
586 552 648 593 solum
658 556 781 605 monasterio,
791 554 850 596 millia
859 554 921 594 multa
929 555 994 608 prodi-

218 608 275 649 visse.
295 608 366 648 Priscis
375 608 414 649 illis
423 608 511 662 legypti,
521 607 667 661 Palsaetinaeque
675 607 742 649 Beatis
751 609 831 651 Ibernos
840 623 927 660 numero,
937 610 994 650 meri-

219 663 251 712 tis,
269 663 372 712 miraculis,
389 677 444 716 pares
460 664 520 704 fnisse
536 663 636 703 confirmat
645 662 745 704 Jccelinus
755 669 810 705 vetus
824 665 917 719 scriptor:
933 668 952 705 et
961 665 995 705 vix

220 717 282 758 ullum
289 719 311 758 in
316 718 379 759 insula
384 721 426 758 tota
430 719 517 771 palmum
523 722 578 758 terra
583 717 672 765 inveniri,
680 718 727 771 quin
736 720 949 761 sanctorumhcminunr
955 720 994 760 vita

218 773 342 827 integerrime
362 777 381 813 et
399 773 555 813 innocentissime
568 776 610 813 acta
621 777 678 826 atque
697 773 866 816 miraculosissima
882 778 994 816 sacraretur.

219 827 264 868 Imo
273 828 320 869 adeo
330 828 389 869 tuisse
398 827 453 867 Divis
464 827 563 880 copiosam
571 830 591 867 et
601 827 778 880 locupletissimam,
793 834 816 869 nt
832 830 930 871 stellarum
944 844 994 883 pene

219 897 321 924 numerum
337 887 445 923 sauctorum
460 881 571 935 patrociniis
584 882 678 936 adaequet,
689 882 757 923 sarius
774 885 867 937 perhibet.
900 885 958 930 Quod
970 899 992 926 eo

219 938 297 991 quidem
312 938 376 977 minus
386 936 443 977 debet
460 936 606 978 admirationem
622 952 748 987 commovere,
765 939 816 991 quod
831 939 896 981 divina
911 940 993 994 quadam
1044 986 1048 991 ,

218 992 358 1033 consuetudine
377 992 450 1032 decima
464 1006 509 1045 pars
518 992 604 1032 virorum
614 1007 634 1033 se
643 992 755 1033 monastica
765 995 809 1034 vitae
819 995 917 1048 alligaret:
933 996 992 1036 faemi-

218 1061 285 1089 narum
295 1061 371 1100 quoque
382 1046 460 1087 decimae
469 1047 491 1087 in
501 1061 597 1088 sacrarum
603 1048 702 1101 virginum
709 1048 790 1101 collegia
800 1049 958 1101 adscriberentur,
973 1055 992 1091 et

163 1106 209 1149 [43]
217 1103 303 1156 utrisque
313 1102 386 1142 alendis
396 1102 483 1143 omnium
493 1102 592 1143 fructuum
602 1102 681 1144 decimae
690 1102 859 1156 attribuerenturfl

543 1396 600 1437 OAP.
616 1393 655 1436 IX.

192 1502 193 1505 ¹
242 1487 394 1533 Iberniamsfuisse
402 1486 513 1531 Martyribus
521 1486 634 1520 nobilitatam
642 1490 705 1520 contra
714 1484 839 1520 Oambrensem
848 1485 958 1520 defenditur.

216 1569 269 1613 (lum
277 1566 356 1607 tametsi
364 1566 392 1606 ita
402 1568 449 1605 sunt
457 1563 583 1605 nihilominus
591 1564 674 1605 Iberniee
684 1577 755 1604 nomen
765 1566 784 1603 et
793 1562 954 1604 existimationem
961 1564 990 1604 di-

215 1624 301 1664 minuere
306 1622 345 1662 fuit
350 1621 397 1661 olim
403 1624 483 1660 conatus
487 1619 581 1672 Sylvester
586 1618 681 1674 Gyraldus
687 1618 813 1667 cambrensis,
818 1617 898 1659 Hernici
906 1619 990 1660 Secundi

214 1679 265 1732 regis
280 1677 358 1730 Anghae
372 1690 384 1715 a
400 1674 484 1723 secretis,
499 1675 520 1713 in
533 1674 567 1715 illa
581 1674 712 1728 disputatione
723 1673 814 1727 jucunda,
831 1675 987 1727 posteritatisqne

214 1733 306 1775 memoria
315 1732 375 1785 digua
384 1743 442 1783 quam
451 1730 474 1769 in
483 1729 568 1779 Ibernia,
579 1729 703 1770 Stanihursto
719 1729 818 1777 referente,
838 1742 883 1768 cum
893 1728 988 1770 Matthaeo

212 1788 296 1830 Cassiliae
306 1786 457 1839 Archiepiscopo
467 1784 553 1824 institnit
568 1798 632 1825 coram
647 1783 747 1824 Pontificis
763 1783 841 1836 maximi
857 1783 928 1836 legato.
963 1784 989 1825 In

212 1859 249 1898 qua
259 1841 380 1884 Cambrensis
390 1839 473 1880 Iberniae
482 1838 553 1893 probro
563 1838 641 1893 objecit,
648 1838 699 1891 quod
709 1839 760 1878 inter
769 1842 798 1877 tct
807 1838 902 1878 Divornm
912 1840 989 1892 agmina

210 1899 285 1940 nullum
295 1895 398 1952 protulerit
414 1898 522 1947 martyrem,
533 1894 587 1948 cujus
598 1892 691 1948 sanguine
700 1893 763 1946 rigata
770 1892 908 1934 nobilitaretur.
938 1894 988 1935 Tum

209 1954 316 1996 Mattheus
328 1951 423 1999 Antiates,
434 1949 615 2002 quomodocunque,
625 1949 696 2002 inquit,
708 1949 732 1989 de
745 1947 860 2002 martyribus
870 1962 900 1988 res
910 1948 986 2000 habeat,

208 2010 274 2050 nullus
293 2008 409 2049 Ibernornm
428 2008 541 2057 magnatum
559 2004 624 2045 extitit
639 2003 686 2044 adeo
702 2003 819 2044 inhumanus
834 2007 854 2043 et
868 2018 879 2044 a
893 2018 952 2044 sensu
968 2009 988 2045 et-

207 2066 279 2119 pietate
289 2064 369 2111 alienus,
386 2065 409 2100 ut
417 2064 462 2114 post
472 2059 600 2101 Christianam
609 2058 722 2112 religionem
733 2062 829 2112 acceptam
838 2058 859 2098 in
871 2059 984 2109 sacerdotes,

208 2121 308 2173 sacrilegas
325 2130 394 2158 manus
409 2115 508 2168 injecerit:
519 2115 570 2169 quin
580 2119 599 2155 et
608 2114 646 2155 illis
661 2128 715 2167 reges
730 2114 791 2154 nostri
800 2113 891 2154 verticem
900 2114 958 2154 simul
967 2120 987 2155 et

207 2176 269 2216 fasces
278 2172 424 2214 submittebant.
454 2169 514 2213 Quod
524 2170 601 2223 quidem
611 2170 649 2209 init
664 2176 732 2218 causae,
741 2182 767 2209 ne
776 2169 817 2209 haec
832 2168 896 2209 insula
905 2183 984 2210 snorum

207 2231 334 2277 sacerdotum,
345 2227 438 2280 sanguine
448 2225 601 2279 pertunderetur.
631 2223 691 2271 Nunc
705 2237 749 2264 vero
765 2224 922 2277 quandoquidem
932 2226 985 2265 veuit

206 2288 228 2326 in
238 2286 331 2326 ditionem
341 2295 413 2330 eorum,
425 2282 457 2333 qni
475 2295 496 2320 se
511 2280 604 2333 sanguine
614 2278 732 2319 Antistitum
747 2278 832 2332 polluere
848 2279 926 2329 audent,
944 2294 985 2321 eam

207 2341 265 2382 credo
274 2340 381 2381 multorum
390 2341 497 2389 martyrum
505 2334 575 2375 laureis
585 2333 754 2383 cohonestandum,
761 2347 822 2387 neque
832 2335 883 2375 enim
894 2348 930 2388 ego
940 2349 984 2375 uos-

206 2411 272 2437 rorum
282 2394 384 2435 homiuum
394 2391 462 2431 virtuti
472 2395 491 2430 et
506 2390 594 2443 religioni
611 2389 659 2430 adeo
674 2387 746 2437 diffido,
763 2393 787 2428 ut
796 2388 882 2429 dubitem
892 2390 940 2443 quin
949 2404 984 2442 pro

206 2450 326 2504 Ohristilege,
335 2445 456 2489 animamubi
462 2459 540 2485 necesse
546 2444 634 2494 habeant,
642 2442 771 2485 diffundant.’'
786 2443 817 2483 Ita
824 2445 887 2497 gravis
895 2445 982 2498 pontifex

206 2512 226 2548 et
236 2521 277 2547 snae
285 2505 350 2559 gentis
360 2502 475 2557 dignitatem
485 2503 560 2540 tutatus
570 2504 605 2549 est,
616 2503 636 2539 et
644 2499 683 2540 acri
697 2501 801 2539 scommate
815 2503 904 2551 peracute
914 2501 985 2552 carpsit

206 2563 288 2615 Anglos,
303 2559 387 2600 maxime
405 2556 513 2597 Hemicnm
530 2555 637 2596 secundum
654 2567 725 2607 regem,
741 2552 795 2605 cujus
812 2553 903 2593 satellites
918 2555 984 2607 paucis

206 2623 251 2658 aute
261 2615 328 2657 diebus
338 2614 419 2655 'thomae
429 2611 562 2652 Cautuarieusi
579 2609 730 2662 Archiepiscopo
740 2611 821 2647 mortem
836 2608 949 2659 intulerant,
964 2614 984 2649 et

207 2673 264 2712 etiam
279 2672 393 2725 praesentem
410 2666 494 2708 lherniae
511 2669 588 2714 statum,
600 2679 643 2718 quae
658 2664 699 2717 jam
715 2663 777 2703 multo
791 2676 869 2703 suorum
879 2668 984 2717 martyrum

206 2741 273 2767 cruore
289 2726 312 2766 ab
328 2723 399 2777 Anglis
414 2722 474 2763 effuso
490 2721 555 2771 micat,
572 2719 687 2761 vaticinatus
701 2717 750 2758 mihi
759 2717 839 2757 videtur.
869 2717 912 2759 Nec
919 2722 984 2760 tamen

206 2780 307 2835 ignorabat
316 2779 398 2820 lbernos
409 2778 465 2818 etiam
476 2776 599 2825 excellentes,
609 2777 629 2814 et
637 2774 721 2814 invictos
731 2776 822 2826 martyres
832 2773 924 2822 extitisse,
935 2788 983 2827 quos

206 2839 223 2877 si
232 2836 295 2885 vellet,
304 2837 369 2888 posset
377 2835 399 2874 in
414 2832 500 2873 medium
515 2831 599 2886 proferre
609 2832 629 2869 et
644 2827 872 2889 Gambrensicpponere.
901 2828 983 2870 lltouiss

205 2891 288 2933 chardus
308 2889 440 2929 Stanihurstus
468 2887 541 2941 objicit,
561 2885 709 2933 Colomannum,
739 2882 849 2935 Drmpuam,
874 2882 982 2935 Foilanom,

204 2947 312 2989 Kilianum.
340 2943 408 2984 Plures
418 2946 511 2983 memorat
528 2941 629 2989 Convaeus,
640 2952 688 2992 quos
697 2938 754 2979 variis
768 2937 789 2978 iu
797 2937 843 2978 locis
853 2939 982 2993 euangelicam

204 3002 305 3046 veritatem
322 2999 411 3039 docentes
420 2993 546 3038 barbarorum
556 2997 609 3037 furor
620 3010 643 3036 err
659 2994 695 3035 hac
709 2993 749 3036 vita
764 2993 847 3035 sustulit.
876 2994 981 3037 Blaithma-
