2174 3535
182 376 222 415 278
308 376 444 419 o’sunuuvrnr
458 390 560 418 nrsronnn
576 390 799 428 carnonron,ron.1v.
882 377 924 430 [ura
940 389 955 415 1.

501 563 561 604 GAP.
576 563 625 604 VH.

422 684 482 719 Iberni
490 685 509 718 in
518 688 591 734 externa
598 684 644 717 bella
652 685 706 718 missi.

182 814 325 855 O'Docrranrrn
340 811 426 852 motibus
442 813 515 866 pacatis
529 812 620 854 Ibernam
627 813 757 866 juventutem,
768 826 812 865 quae
822 813 846 854 ad
855 817 956 868 utramque

181 874 254 923 partem
271 868 400 917 confluxerat*
412 867 473 921 Angli
489 869 530 908 suis
545 868 667 922 dogmatibus
677 868 796 908 obstaturam
805 868 849 917 rati,
860 870 923 923 copias
934 882 957 909 ex

181 923 299 966 electissimis
308 923 372 962 totius·
378 923 434 975 regni
440 923 545 977 juvenibus
554 923 671 976 conscriptas
681 923 753 963 Suetiae
762 922 803 975 regi
813 923 901 964 haeretico
911 938 956 965 con-

180 983 210 1019 tra
225 978 393 1031 Poloniaeregem
412 977 534 1019 Oatholicum
553 978 624 1019 auxilio
641 980 728 1027 mittunt,
747 991 847 1030 nunquam
863 978 956 1019 redituras

115 1040 173 1082 [211]
181 1033 276 1087 augurati.
284 1033 351 1073 Iherni
357 1032 409 1086 apud
415 1032 498 1074 Suecum
505 1034 687 1087 quaudiuamarint
692 1034 796 1088 jactatione
802 1032 954 1085 reficiebantur,ll

180 1089 299 1137 commorati,
305 1088 328 1128 ad
338 1088 443 1128 Poloniunr
452 1089 591 1138 transierunt,ll
599 1104 634 1143 pro
644 1089 688 1138 fide,
698 1103 739 1129 non
748 1088 769 1128 in
778 1102 828 1137 eam,
838 1088 892 1141 signa
899 1089 957 1129 colla-

179 1147 224 1185 turi.
254 1143 304 1184 Haec
314 1143 337 1184 ad
347 1144 404 1197 primi
413 1145 480 1197 puncti
490 1145 623 1185 executionem
633 1147 750 1198 spectarunt.

502 1457 560 1497 cun
576 1456 638 1497 VIII.

400 1582 501 1616 Secundum
510 1581 600 1613 Punctum
608 1581 740 1624 persecutionis.

180 1706 255 1751 Quoia
272 1701 379 1743 secundum
388 1703 483 1752 punctum
499 1698 524 1737 iis
534 1695 615 1744 Ibernis,
627 1697 660 1748 qui
670 1696 722 1737 dorni
731 1700 849 1746 manserunt,
860 1713 956 1740 armorum

178 1775 215 1801 usu
224 1758 351 1806 interdicitur,
362 1769 387 1795 ne
396 1754 460 1794 forsan
471 1752 528 1793 arnis
538 1751 639 1791 assuefacti
649 1751 739 1792 libentius
746 1752 849 1805 aliquando
855 1753 954 1795 rebellent.

178 1816 248 1870 Itaque
263 1812 361 1854 nobilibus
378 1808 475 1863 equitibus
491 1811 568 1847 tantum
585 1805 649 1859 gladio
666 1807 788 1860 pugioneque
805 1808 895 1849 accinctis
910 1810 955 1850 licet

178 1871 272 1912 incedere.

205 1926 235 1966 Ut
250 1927 315 1965 autem
331 1918 430 1961 Catholica
445 1917 512 1971 religio
527 1915 615 1956 funditus
630 1916 742 1970 extirpetur,
753 1917 786 1969 qui
795 1921 824 1957 est
835 1919 904 1972 Anglis
915 1935 955 1960 om-

177 1981 232 2021 nium
249 1977 373 2020 consiliorum
390 1974 433 2014 finis
451 1977 470 2013 et
486 1986 562 2024 scopus,
580 1975 658 2011 cavetur
674 1986 699 2012 ne
718 1971 784 2012 Iberni
799 1976 873 2014 exteras
887 1980 955 2028 gentes

177 2039 244 2090 petant
252 2030 379 2075 incumbendi
387 2029 456 2070 litteris
470 2028 538 2082 gratia,
549 2031 568 2067 et
578 2030 600 2066 ut
610 2040 682 2076 ornnes,
693 2027 726 2080 qui
739 2028 778 2080 jam
787 2028 867 2068 firerunt
876 2030 955 2084 peregre

176 2090 264 2145 profecti,
280 2089 302 2128 in
317 2085 413 2127 Iherniarn
430 2084 460 2125 vel
475 2082 567 2135 Angliarn
576 2086 697 2122 revocentur.
726 2082 775 2122 Cum
785 2084 837 2123 enim
846 2084 867 2124 in
876 2085 955 2125 lhernia

177 2146 320 2187 Catholicorurn
342 2140 441 2195 gymnasia
461 2139 501 2178 sint
522 2151 593 2186 eversa,
616 2136 749 2190 Catholicique
770 2143 896 2192 praeceptcres
920 2141 954 2181 do-

178 2201 235 2242 cendi
251 2212 330 2240 munere
347 2195 436 2244 abdicati,
453 2193 503 2234 nihil
518 2192 614 2246 reliquum
630 2206 671 2232 esse
686 2192 793 2242 videbatur,
814 2199 836 2233 ut
855 2194 954 2236 Catholica

177 2257 224 2298 fides
240 2268 318 2310 prorsus
338 2250 439 2299 deleretur,
454 2250 471 2289 si
487 2248 554 2289 lherni
570 2246 723 2300 prohiberentur.
739 2248 760 2287 in
777 2253 850 2289 exteras
866 2252 961 2304 regiones

177 2311 272 2366 proficisci
281 2309 339 2350 caust
348 2305 434 2346 discendi
444 2318 505 2345 sacras
513 2303 616 2343 doctrinas.
623 2301 712 2356 Utroque
719 2304 776 2343 etiarn
783 2304 847 2345 studio
854 2305 953 2355 litterario,

177 2371 197 2407 et
206 2365 290 2413 militari,
300 2362 372 2416 impius
387 2359 476 2400 Julianus
493 2359 597 2412 imperator
614 2357 727 2398 Christianis
736 2358 855 2399 interdicisse
864 2361 953 2402 traditur.

178 2422 221 2463 Hae
231 2422 255 2462 de
264 2435 285 2460 re
294 2417 380 2473 proregis
391 2415 474 2469 diploma
484 2418 543 2463 extat,
554 2412 606 2466 quod
615 2426 651 2453 nos
660 2413 688 2453 ita
696 2412 802 2454 Latinitate
813 2414 936 2456 donavimus:

352 2547 393 2586 Per
402 2545 504 2585 Dominum
514 2544 620 2594 Prorepem,
631 2547 650 2582 et
662 2542 771 2584 Consilium.

207 2651 314 2684 mannus
337 2639 601 2677 (luncunsrnu-Serenissima
625 2638 711 2681 Maiestas
735 2640 782 2684 regis
807 2640 873 2674 domini
896 2644 953 2676 nostri

177 2695 235 2739 (cujus
250 2691 323 2735 diligens
337 2687 416 2722 studium
429 2686 448 2719 in
460 2686 538 2737 utilitate
552 2695 625 2718 suorum
638 2684 750 2736 subditorum
763 2686 877 2737 procuranda
884 2698 953 2732 semper

176 2740 245 2785 vigilat)
254 2739 337 2780 reputans
345 2732 455 2778 praecipuum
469 2731 591 2774 subjectorum
604 2729 686 2770 officrum,
695 2733 713 2761 et
721 2729 824 2774 obsequrum
832 2741 850 2762 rn
859 2741 878 2765 eo
887 2733 952 2767 consis-

200 2873 206 2889 ⁸
218 2872 247 2904 An
263 2866 310 2900 Irish
323 2865 411 2910 regiment
426 2864 481 2896 under
497 2862 527 2895 Sir
542 2861 620 2894 Williarn
636 2860 715 2904 Stanley,
728 2865 767 2893 sent
780 2861 802 2905 by
810 2862 840 2895 the
851 2862 922 2911 English
932 2872 951 2902 to

178 2918 227 2950 assist
234 2915 264 2948 the
273 2910 399 2945 Dutchvrebels
407 2910 425 2941 in
436 2911 485 2947 1588,
494 2908 531 2941 also
540 2911 586 2940 went
600 2917 642 2939 over
656 2906 698 2938 with
711 2906 758 2938 their
767 2909 878 2944 commender
893 2917 911 2946 ιο
920 2913 951 2947 the

179 2959 260 2995 Catholic
267 2961 360 3002 party.-“
368 2954 489 2989 Governrnent
498 2953 519 2985 of
526 2952 618 2993 Perrott,’'
626 2961 643 2994 p.
653 2953 691 2983 112.
