2237 3535
122 398 166 426 cnr.
178 384 210 438 rt]
338 396 365 423 un
379 397 444 426 annno
457 398 576 430 eurnnncrn
590 398 699 427 annonam.
855 387 895 427 187

122 494 205 548 fugerat,
215 498 235 535 et
251 496 352 538 Terentius
366 494 460 537 O'Neilus
475 495 557 537 Henrici
571 495 629 545 filius,
645 494 724 536 O'Nelli
734 495 792 535 frater
801 495 895 543 uterinus,

121 551 155 602 qui
165 554 221 590 antea
230 555 271 592 erat
280 553 330 606 apud
340 550 422 601 eosdem,
429 551 516 592 locorum
522 551 633 605 peritissimi
638 550 746 604 Bagnalenr
751 564 796 591 curn
806 549 896 590 omnibus

121 605 188 658 copiis,
199 609 218 645 et
226 606 367 660 impedimentis
383 620 417 660 per
432 606 522 659 ambages
538 609 558 646 et
575 606 659 646 occultas
669 606 715 654 vias,
730 610 799 659 praeter
816 605 897 646 O’Neiii

120 660 225 700 exercitum
241 662 289 702 ciam
307 664 408 705 duxerunt.
437 661 486 702 Mox
501 660 577 715 Bagnai
592 661 666 714 pedites
686 661 738 701 miiie
757 664 859 711 trecentos,
876 664 896 701 et

120 715 208 768 equitum
223 719 296 758 turmas
311 723 349 759 tres
365 716 494 759 Ardrnacham
512 731 556 757 cunr
573 720 682 757 commeatu
697 716 764 765 mittit,
780 716 895 769 quibuscum

119 768 226 811 Cormakns
235 778 315 826 pugnat,
331 774 378 815 dum
395 775 523 813 commeatum
539 772 631 821 inferunt,
642 774 662 812 et
678 771 724 812 dum
740 771 779 824 ipsi
789 771 812 811 ab
822 771 894 824 oppido

120 824 227 866 discedunt.
271 828 309 869 Sed
337 828 453 883 superiorem
480 841 562 868 numero
590 826 667 868 hostem
695 826 718 867 ab
749 825 820 880 oppido
853 840 894 867 non

119 880 185 932 potuit
200 896 269 923 arcere.
307 883 389 924 Interim
412 881 488 935 Bagnal
517 896 561 922 cum
590 882 664 923 caeteris
690 882 750 935 copiis
775 882 798 922 in
814 880 894 921 O’Neiii

118 939 180 975 castra
189 936 282 990 impeturn
291 939 351 979 facere
362 938 423 979 duxit.
440 938 469 977 Ac
479 937 579 977 Terentius
590 937 668 990 quidem
679 941 698 977 et
708 937 796 981 Quintus
807 935 893 986 O’Neili,

116 989 191 1030 itineris
206 992 269 1043 duces,
284 997 303 1033 et
319 994 370 1047 qubd
387 991 465 1033 O'Neili
476 993 589 1046 sanguinem
605 1006 646 1032 non
661 991 758 1041 sitiebant,
770 991 806 1032 etsi
819 992 893 1032 filerint

116 1044 145 1085 ilii
154 1046 204 1096 irati,
214 1051 233 1087 et
244 1048 296 1101 qubd
303 1048 327 1089 ob
336 1050 420 1102 privatas
427 1061 493 1087 causas
502 1047 558 1100 pejus
564 1055 618 1087 erant
628 1047 706 1087 animati
715 1048 737 1087 in
744 1046 891 1096 O'Hanionum,

117 1101 150 1151 qui
158 1101 198 1154 jam
207 1102 349 1144 Catholicorum
358 1106 422 1157 partes
431 1101 552 1154 sequebatur,
562 1103 583 1142 in
592 1102 641 1142 iilud
652 1106 758 1142 castrorum
767 1116 828 1142 cornu
838 1103 892 1155 quod

116 1154 244 1197 O’Hanionus
254 1159 338 1207 tenebat,
348 1157 454 1211 Bagnadem
463 1156 532 1197 ducere
542 1157 606 1196 conati
625 1161 677 1197 sunt,
705 1156 891 1211 Sediongepraeter

116 1211 225 1263 opinionem
238 1213 276 1253 iliis
293 1213 376 1253 occidit:
391 1226 436 1252 nam
452 1210 486 1250 ubi
504 1210 645 1251 O’Hanlonum
654 1225 694 1251 esse
711 1212 846 1252 existimabant
861 1212 890 1252 ibi

115 1270 156 1305 erat
166 1265 266 1308 O’Nelius.
296 1267 366 1320 Itaque
375 1265 444 1320 viginti
459 1268 542 1318 quatuor
560 1267 633 1318 equites
649 1265 672 1306 ab
689 1265 772 1307 O’Nello
786 1267 808 1306 in
817 1267 889 1320 vigiliis

115 1323 134 1359 et
150 1322 234 1361 excubiis
250 1325 303 1362 extra
320 1326 381 1362 castra
394 1321 496 1374 dispositos
512 1320 616 1371 improviso
636 1320 776 1361 circumventos
795 1323 842 1375 regii
858 1322 890 1362 vel

113 1375 204 1415 occidunt
214 1376 243 1416 rei
253 1377 343 1429 capiunt:
359 1379 421 1416 castra
430 1374 537 1414 invadunt:
549 1373 628 1414 O’Nelfi
637 1375 748 1427 praetorium
759 1377 888 1416 circumeunt:

114 1428 210 1470 O'Nessus
220 1434 239 1470 et
249 1431 314 1484 quiin
323 1445 345 1470 ea
354 1432 418 1471 fronte
427 1433 533 1469 castrorum
548 1433 607 1477 erant,
618 1430 730 1469 semisomni
739 1430 830 1484 fugiunt3
840 1432 889 1484 regii

113 1485 196 1524 tentoria
206 1485 295 1525 derelicta
312 1485 431 1539 diripiuntqi
448 1483 525 1524 calones
541 1482 615 1537 aiiquot
632 1483 748 1524 dormientes
764 1486 954 1538 interficiunt.[149.]

113 1537 209 1579 O'Neiius
219 1539 292 1579 viribus
303 1540 388 1580 coiiectis
406 1540 482 1579 bostem
497 1552 519 1578 ea
535 1543 589 1591 parte
604 1542 711 1580 castrorum
727 1554 795 1580 rursus
805 1540 889 1593 expetiit,

112 1593 256 1646 cedentemque,
267 1609 357 1648 magnam
374 1595 412 1635 diei
428 1597 503 1647 partem
518 1595 604 1645 sequitur
612 1593 718 1634 missilibus
728 1609 813 1647 carpens.
844 1595 890 1640 Quo

112 1652 183 1688 eventu
199 1649 274 1702 Bagnal
290 1649 346 1690 iaetus
362 1652 469 1690 commeatu
485 1648 507 1688 in
522 1648 652 1690 Ardmachanr
666 1649 725 1699 illato,
737 1649 821 1690 O’Neiio
835 1655 890 1705 parte

111 1707 217 1744 castrorum
228 1709 293 1754 exuto,
303 1709 323 1745 et
332 1705 399 1758 paucis
410 1703 543 1745 desideratis.d

443 1973 501 2014 CAP.
517 1974 547 2014 Π.

108 2092 173 2140 Rupus
187 2094 278 2139 Fargusiae
291 2092 336 2127 arcis
350 2091 443 2136 praefectus
457 2090 527 2135 Anglus
541 2102 553 2123 a
565 2090 641 2124 Glinniae
655 2092 733 2137 principe
741 2094 856 2139 interimitur,
864 2104 883 2132 et

230 2138 321 2173 Barnabal
329 2136 445 2172 Midhiensius
454 2136 489 2169 dux
498 2147 508 2169 a
516 2136 558 2168 Mac
566 2135 657 2180 Magauno
665 2137 751 2172 funditur.

107 2254 185 2295 Hxnmn
200 2259 306 2310 sequente†
325 2255 411 2296 Joannes
430 2253 542 2294 Chichester
561 2254 638 2307 anglus
657 2270 713 2309 eques
733 2249 825 2310 Atratus,
846 2265 881 2317 qui

105 2309 182 2364 Rupern
192 2310 306 2364 Fargusiann
315 2325 378 2352 arcem
392 2309 447 2349 firmo
462 2308 552 2362 praesidio
562 2308 646 2359 tenebat,
657 2326 700 2352 cum
714 2313 812 2366 peditibus
822 2318 880 2371 quin-

105 2366 176 2418 gentis,
190 2370 209 2406 et
228 2367 316 2420 equitum
329 2370 393 2406 turma
411 2364 517 2417 praedatum
537 2364 641 2416 egreditur.
670 2366 705 2406 Cui
725 2370 747 2408 fit
767 2370 834 2412 obvius
855 2374 880 2415 ad

104 2419 215 2461 Aiiracbam
229 2422 333 2470 tumulum,
344 2426 363 2461 et
373 2419 441 2460 vadum
451 2419 526 2458 Jaimus
536 2418 581 2459 Mac
590 2419 685 2461 Doneiins
696 2422 780 2465 Giinniac
788 2426 879 2481 princeps

103 2475 201 2528 peditibus
212 2477 364 2531 quadringentis,
379 2479 398 2515 et
407 2473 503 2528 equitibus
514 2474 614 2526 sexaginta
628 2476 715 2528 stipatus.
744 2478 880 2525 Bombardan‘i

102 2530 246 2572 bombardan‘os
256 2532 396 2585 aggrediuntur
402 2548 408 2580 3
422 2530 434 2570 b
443 2528 546 2569 Catholicis
556 2529 604 2581 regii
614 2531 757 2583 propulsantur.
777 2534 878 2578 Jcbaunes

102 2599 148 2626 cum
158 2587 244 2639 equitatu
254 2588 332 2627 veniens
341 2585 412 2627 auxilio
420 2583 562 2626 bombardarios
572 2598 617 2624 suos
627 2587 710 2626 restituit
720 2588 741 2627 in
753 2602 846 2642 pugnam,
858 2598 879 2634 et

102 2640 212 2682 Oathoiicos
231 2643 319 2683 recedere
336 2642 396 2695 cogit.
434 2639 508 2680 Jaimus
528 2651 604 2691 quoque
626 2641 732 2691 eqniiaifflfl
751 2644 773 2684 ΪΠ
789 2659 878 2701 pugnam

102 2695 175 2737 ducens
184 2696 322 2738 bombardariis
340 2698 380 2737 suis
396 2693 511 2737 confirmatis
525 2693 546 2733 in
562 2693 672 2735 <iohannem
686 2697 767 2748 proruit,
779 2704 798 2740 et
812 2703 877 2745 tribus

100 2750 161 2792 hastae
177 2752 248 2793 ictibus
265 2767 374 2807 percussus,
392 2751 449 2808 lorica
465 2754 530 2790 tamen
546 2747 662 2790 defenditur.
690 2750 791 2794 Johannes
801 2759 877 2801 occisus

123 2870 131 2885 ⁸
144 2860 175 2904 nir
184 2871 256 2906 Hanow
263 2872 306 2912 erne,
314 2871 363 2906 Ap,
376 2869 500 2907 raon-nour
508 2868 592 2908 masters,
600 2881 618 2913 p.
628 2872 680 2904 aona.

98 2912 257 2993 thgeffiittgpevents
265 2918 283 2951 in
291 2918 327 2951 this
337 2918 411 2961 chapter
419 2919 450 2948 not
458 2913 546 2948 recorded
553 2913 575 2959 by
583 2925 617 2959 any
626 2916 677 2950 other
686 2919 778 2967 authority
787 2923 850 2961 known
858 2934 878 2963 to
