2237 3535
126 425 170 452 cnr,
181 410 211 462 u]
287 423 313 450 nu
324 423 421 454 11111111
430 423 501 450 rarius
512 420 671 451 runsuourrours
682 420 774 447 1111115.
858 408 899 448 273

126 520 214 561 Gaiuaer
231 519 344 573 Hispaniam
358 524 433 575 petens,
461 520 533 562 Dalrus
551 519 602 568 baro,
613 518 648 572 qui
664 516 713 557 nihil
729 515 804 557 adversi
815 515 900 565 timebat,

124 576 185 615 donec
194 575 252 615 fuerit
261 576 282 615 in
292 590 391 626 carcerem,
397 580 417 617 et
422 576 499 617 vincula
506 576 611 629 conjectus,
619 587 695 613 summa
705 571 817 612 difficultate
826 570 899 623 effugit,

124 643 242 683 magnosque
251 630 323 672 labores
333 631 412 686 pertulit
418 633 530 686 priusquam
536 629 688 670 incolumitatem
696 627 734 667 1111
740 626 821 679 adeptus
830 626 900 678 partim

125 685 230 725 amicorum
243 686 337 739 precibus.
365 686 471 728 Cormakus
488 685 584 727 O’Nellus
601 698 645 725 eum
662 681 765 724 accersitus
781 680 900 743 Dubblinnae

125 753 145 779 se
155 739 279 790 exhibuisset,
294 742 316 782 in
331 742 423 796 Angliam
438 742 508 783 missus
520 742 542 782 in
556 739 666 780 Londinam
683 752 745 778 arcem
763 735 899 798 custodiendus

125 794 232 848 conjicitur.
248 796 365 838 O’Kahauus
374 801 453 838 vocatus
462 797 484 838 in
491 796 586 850 judicium
596 809 616 836 se
626 793 702 834 distulit
712 794 784 841 sistere,
795 794 866 832 ventus
872 790 898 852 id,

125 849 178 903 quod
187 854 232 900 erat,
242 865 267 892 ne
275 852 338 892 eadem
349 866 393 893 cum
402 852 496 893 Oormako
506 866 563 906 poena
571 850 693 905 plecteretur.
720 847 785 893 Quem
794 845 855 900 Angli
865 845 899 886 dlu

125 905 267 957 caperelrustra
276 906 383 948 laborantes
392 907 413 947 in
430 922 472 948 suas
489 911 539 948 artes
555 908 661 947 vertuntur.
690 904 739 945 Erat
753 917 811 956 eques
820 901 898 954 'Anglus

125 959 227 1001 O'Kalruni
238 967 334 1015 compater
343 976 400 1016 quern
417 962 535 1003 O’Kahanus
545 962 607 1015 gentis
616 974 657 1001 suae
667 974 719 1000 more
729 957 849 1012 spiritualem
858 956 899 996 affi-

124 1015 204 1055 nitatem
213 1016 319 1058 incredibili
328 1016 454 1067 observantia,
464 1023 483 1058 et
493 1018 565 1057 honore
573 1016 659 1064 colentis,
669 1014 735 1068 magni
744 1013 832 1062 faciebat,
842 1011 899 1073 ualde

125 1069 221 1123 diligebat,
232 1075 252 1112 et
265 1071 360 1113 beneficiis
375 1072 461 1123 ornabat,
477 1073 577 1125 eidemque
587 1071 693 1125 plurimum
702 1068 821 1110 confidebat:
837 1074 856 1108 et
870 1071 898 1128 pta

124 1124 149 1165 ad
158 1139 229 1167 caenam
239 1126 262 1167 ab
274 1141 295 1167 eo
308 1127 399 1167 invitatus
414 1142 455 1167 non
469 1127 570 1176 dubitavit,
584 1126 687 1178 compatris
699 1125 744 1165 fidei
758 1138 799 1164 sese
809 1125 897 1163 eommrt-

124 1183 169 1220 tere.
183 1181 259 1234 Anglus
266 1197 291 1223 ne
298 1182 354 1222 nauci
360 1182 439 1234 quidem
448 1182 546 1222 estimans
555 1185 615 1222 totam
625 1180 753 1220 Christianam
762 1178 894 1232 religionem,ss
905 1179 963 1220 [2¹0·]

124 1236 195 1275 nedum
204 1237 321 1289 spiritualem
327 1237 466 1289 cognationem,
474 1237 579 1289 inquirenti
585 1235 694 1289 Anglorum
703 1234 801 1288 manipulo
811 1248 834 1273 ex
844 1246 896 1272 corn-

123 1291 186 1342 posito
196 1291 325 1332 O'Kalranurn
333 1291 419 1331 tradidit.
442 1291 481 1335 (lui
492 1292 580 1331 detrusus
589 1295 618 1331 est
627 1290 648 1330 in
658 1289 737 1329 eandem
747 1303 792 1329 cum
801 1287 896 1329 Cormako

125 1345 236 1386 custodiam.

463 1491 522 1532 CAP.
536 1491 562 1530 V.

417 1605 536 1639 O'Dochcrtae
544 1611 608 1639 motus.

125 1705 220 1745 Omruuos
229 1704 331 1758 optimates
340 1703 468 1745 labefactandi
478 1703 544 1758 cupidi
550 1703 687 1752 Protestantes,
694 1704 766 1745 multos
773 1705 900 1755 contumeliis,

125 1758 237 1813 opprobriis,
249 1764 268 1800 et
278 1759 359 1814 inijuriis
369 1759 461 1800 afficiunt.
485 1758 592 1799 (lathirium
601 1758 745 1800 O'Docliartaur
754 1759 839 1800 Inisonae
847 1762 901 1814 prin-

125 1815 193 1868 cipem,
204 1814 275 1868 dequo
286 1816 372 1868 superius
392 1815 510 1854 mentionem
519 1814 605 1863 fecimus,
615 1814 730 1866 vigesimum
740 1815 814 1855 circiter
828 1830 901 1856 anuum

125 1873 220 1922 agentem,
227 1870 280 1923 quod
287 1870 333 1910 O’N
333 1870 366 1910 elli
372 1871 424 1923 fugae
434 1869 491 1909 fucrit
501 1869 594 1917 conscius,
602 1883 671 1922 prorex
681 1870 750 1922 arguit,
761 1871 832 1924 asperis
841 1874 900 1924 atque

125 1925 268 1965 contumeliosis
275 1924 337 1964 verbis
345 1926 450 1977 exagitans.
465 1924 561 1977 Georgius
568 1923 646 1964 Paletus
652 1923 702 1964 Luci
711 1925 812 1977 praelectus
821 1925 899 1979 Anglus

125 1992 183 2032 eques
199 1981 285 2020 Auratus
302 1980 391 2019 conviciis
407 1982 479 2028 onerat,
497 1981 573 2018 minans
590 1992 609 2018 se
625 1978 728 2028 facturum,
747 1983 770 2019 ut
783 1979 816 2020 ille
829 1980 899 2034 laqueo

125 2034 258 2087 suspendatur.
288 2033 410 2074 Ochcharta
419 2036 467 2073 tune
479 2033 569 2086 injuriam
579 2032 711 2082 dissimulavit,
721 2034 811 2074 Paletum
820 2036 899 2076 armatis

124 2089 216 2142 stipatum
225 2087 290 2128 nudus
299 2088 392 2128 militibus
409 2088 487 2140 aggredi
503 2101 543 2128 non
559 2100 622 2127 ausus.
651 2087 710 2128 Brevi
719 2093 784 2129 tamen
793 2089 899 2131 vindictum

123 2143 212 2196 sumpsit.
239 2143 270 2183 uo
282 2143 312 2184 die
322 2143 392 2197 oppido
408 2141 463 2182 Luco
480 2156 568 2196 egressus
582 2142 682 2182 clientium
698 2157 777 2183 manum
793 2149 897 2199 comparat,

123 2210 167 2238 curn
173 2199 212 2251 qua
218 2197 253 2238 sub
262 2197 380 2251 gallicinium
385 2211 478 2246 reversus,
485 2198 559 2250 uigiles,
567 2196 701 2251 circitoresque
706 2199 810 2251 improviso
817 2200 898 2241 circurn-

124 2255 191 2293 ventos
201 2253 291 2302 trucidat,
305 2252 399 2301 Paletum,
410 2256 429 2292 et
439 2252 485 2292 alios
495 2252 625 2293 Protestantes
635 2252 711 2301 oceidit,
722 2254 815 2307 oppidum
825 2255 897 2309 diripit,

124 2311 144 2348 et
152 2307 251 2348 incendit:
265 2322 345 2348 uxorem
360 2307 522 2361 Pseudoepiscopi
537 2307 619 2347 civitatis
628 2311 704 2361 captam
713 2309 774 2361 pretio
785 2315 897 2361 commutat,
952 2332 954 2335 -

124 2362 232 2403 Oatholicos
240 2363 347 2403 incolumes
357 2363 381 2403 ad
391 2376 452 2402 unum
463 2362 548 2403 dimittit.
578 2361 694 2403 Cuilmorem
703 2364 818 2404 maritimam
827 2379 897 2416 arcem,

123 2418 208 2471 quinque
217 2432 310 2470 passuum
326 2417 384 2458 millia
401 2417 510 2467 distantem,
521 2431 578 2470 quam
588 2417 696 2471 Auglorum
705 2418 815 2471 presidium
825 2419 897 2460 duode-

124 2474 161 2513 cim
170 2476 311 2513 tormeutorum
327 2473 419 2513 machinis
433 2472 547 2512 instructam
565 2471 669 2522 obtinebat,
679 2474 779 2526 repentinat
789 2475 897 2527 irruptione

124 2527 181 2581 capit,
191 2528 212 2568 11
221 2529 280 2581 etque
296 2527 383 2581 praesidio
399 2526 490 2567 collocato
504 2526 600 2567 Felmium
609 2527 654 2568 Mac
664 2528 760 2568 Davetum
769 2530 860 2582 praeficit3
876 2535 897 2571 et

123 2596 206 2637 magnus
215 2582 300 2623 motibus
309 2597 343 2636 per
352 2582 453 2623 Ultcniam
463 2581 549 2622 excitatis
563 2581 634 2622 bellum
645 2583 713 2623 statuit
722 2583 791 2623 ducere
800 2598 862 2637 usque
871 2586 897 2626 ad

124 2638 227 2679 adventum
237 2637 284 2678 O’N
285 2638 323 2687 elli,
333 2636 443 2686 O'Douelli,
454 2636 583 2686 O⁷Sullevoui,
599 2637 753 2691 reliquorumque
770 2638 896 2691 emulantium,

124 2707 193 2746 quosa
207 2693 320 2734 Christianis
335 2692 454 2746 principibus
470 2691 545 2745 adjutos
564 2692 634 2732 auxilio
653 2692 748 2732 redituros
766 2693 866 2746 sperabat:
886 2711 898 2737 a

123 2748 218 2803 principio
228 2749 301 2803 Aprilis
310 2749 355 2788 anni
364 2747 460 2788 millesimi
470 2746 600 2787 sexcentesimi
608 2747 670 2787 octavi
676 2760 711 2800 per
718 2761 792 2788 menses
799 2749 898 2803 quiuque†

147 2863 154 2879 ⁹⁵
167 2862 190 2896 In
200 2865 250 2902 loos,
259 2862 302 2908 Julp
310 2863 427 2906 2S-August
437 2863 464 2893 12.
477 2859 515 2893 For
523 2859 553 2892 the
562 2860 648 2903 supposed
657 2859 766 2911 conspiracy,
775 2862 812 2895 and
819 2862 871 2908 flight
879 2864 901 2898 of

123 2907 157 2983 gip}
158 2908 214 2987 4711115,
223 2919 251 2942 see
266 2909 316 2942 Four
328 2909 410 2948 Masters,
424 2906 459 2939 and
472 2906 508 2939 Mr.
518 2905 640 2939 O’Donoran’s
656 2915 728 2948 coprous
736 2911 793 2947 notes,
800 2919 831 2953 pp.
841 2912 898 2944 2352.

124 2973 134 2983 Η
147 2997 156 3038 t
170 2976 271 3082 bnlpgrom
279 2998 322 3042 May
330 3000 340 3031 3
348 3003 367 3032 to
376 2997 387 3032 J
389 2997 416 3041 uly
427 2998 454 3035 18,
464 2995 586 3030 laos-Faus
594 2996 678 3035 masters,
686 3006 716 3040 pp.
726 2998 835 3033 auor-2363.
