2237 3535
130 406 174 434 cnr.
189 389 229 442 11]
306 394 308 397 ’
342 404 369 432 un
384 405 448 433 11111
463 403 582 436 1111111111
596 402 705 431 annonam.
862 391 900 430 217

125 504 209 549 movent,
217 503 241 539 ut
251 499 326 554 Aquila
336 501 397 543 ferant
407 516 469 556 opem.
480 501 518 542 His
528 501 602 541 Caruus
612 499 690 553 Anglus
700 498 844 539 Momoniarum
854 512 901 551 prae-

126 557 187 598 fectus
204 555 281 608 peditus
298 550 380 608 quatuhr
394 558 459 606 millia,
470 562 489 597 et
499 556 622 610 quingentos,
633 560 653 595 et
667 554 740 607 equites
750 553 868 606 quingentos
878 568 901 594 ex

126 610 212 666 protegis
221 610 288 651 castris
298 611 394 653 ductitaus
407 613 427 654 11
437 612 537 653 Urmouiae
547 610 661 651 comitatum
671 608 747 649 obviam
756 608 851 658 tetendit,
866 608 899 648 ubi

73 685 74 688 ¹
127 666 189 714 calles,
209 668 229 705 et
248 666 321 706 viarum
339 666 572 721 angustiasmteroludit.
607 664 727 705 O’Donellus
751 663 827 717 maguis
850 663 899 716 igni-

126 721 163 761 bus
186 721 277 771 acoensis,
300 724 323 761 ut
346 727 450 763 castrorum
473 722 557 776 speciem
583 720 699 769 ostenderet,
723 721 793 772 praeter
807 717 897 768 Carnum,

126 775 230 816 exereitum
249 780 308 817 noctu
326 778 441 819 incolumem
461 777 516 818 duxit
535 779 555 816 et
576 775 656 816 dirersis
674 775 696 815 in
718 773 766 814 loeis
790 773 896 814 O'Nellum

126 830 253 884 quadraginta
276 831 316 871 dies
339 834 430 886 spectatll
474 832 549 872 Oaruus
572 831 613 871 voti
629 828 709 872 minime
724 843 802 882 compos
832 829 960 882 copias[177.]

125 900 169 926 suas
188 886 213 926 ad
231 900 330 940 proregem
348 887 374 928 ad
392 887 531 928 Κ1111111111111
548 886 629 927 reducit.
660 884 756 925 O'Nellus
776 884 895 925 occasionem

125 944 193 981 nactus
209 940 304 982 Midhiam
313 942 393 991 invadit,
408 942 442 983 ubi
451 942 533 995 Anglos,
547 946 567 982 et
576 940 734 995 Auglo-Ibernos
743 939 808 994 longe,
820 939 896 993 lateque

124 995 244 1050 depraedatus
259 996 337 1037 domum
352 997 417 1050 spoliis
432 1002 513 1037 onustus
528 996 636 1045 revertitur,
654 997 716 1036 occiso
734 995 804 1036 Darsio
814 994 896 1035 Platiuae

124 1050 207 1100 domiuo,
219 1053 252 1104 qui
262 1055 338 1093 secutus
354 1053 379 1092 ad
395 1052 482 1105 praelium
497 1050 609 1092 lacessebat.
638 1051 688 1091 Inde
697 1050 822 1091 Keansaliam
833 1050 895 1091 media

123 1106 190 1158 hyeme
206 1107 261 1159 petit.
289 1107 499 1147 Eumcomitabantur
518 1105 746 1159 MacMagaunrss,Mnc
757 1105 818 1146 Guier
837 1106 895 1145 occisi

122 1161 144 1201 111
163 1160 284 1202 0111111111
303 1176 348 1215 agro
368 1163 426 1215 frater
453 1161 531 1202 nomine
550 1161 691 1210 Cuconnaotus,
711 1161 823 1215 Raynaldus
848 1160 893 1201 Mac

122 1215 215 1256 Donellus
226 1216 309 1257 Glinniae
318 1217 413 1270 princeps,
423 1216 469 1257 Mac
478 1216 540 1256 Moris
559 1215 639 1256 Lacsnae
648 1216 704 1264 Baro,
715 1216 823 1256 Richardus
833 1216 893 1256 Tirel-

121 1270 158 1319 lus,
169 1271 233 1311 1111111
243 1286 266 1311 eu
276 1286 310 1311 sua
319 1271 396 1320 familia,
407 1272 440 1325 qui
457 1285 523 1311 omnes
539 1270 577 1310 duo
587 1271 652 1320 millia,
663 1276 802 1324 sexcentosque
811 1271 892 1323 pedites,

121 1329 141 1364 et
151 1327 224 1378 equites
234 1325 384 1379 quadringentos
393 1325 491 1379 expeditos
501 1325 642 1370 ductitabant.†
656 1325 706 1365 Gom
716 1325 786 1378 quibus
797 1325 892 1366 O’Nellus

121 1380 142 1419 in
152 1380 224 1421 Orriria
238 1381 306 1421 Barria
322 1380 452 1421 O’Donellum
469 1380 582 1433 assequitur.
611 1379 671 1419 Unde
681 1380 736 1420 ambo
746 1381 767 1420 in
778 1395 799 1420 ea
809 1380 892 1420 Carbriae

120 1440 179 1487 parte,
190 1450 233 1488 qua
243 1435 374 1475 Keuealmeka
393 1435 467 1485 dicitur,
478 1439 540 1475 eastra
549 1434 649 1475 collocant.
678 1434 708 1474 Eo
718 1435 772 1475 uenit
782 1435 892 1475 081111111-

120 1504 157 1529 nus
172 1490 255 1530 Bearrus
270 1490 342 1530 ducens
365 1490 428 1542 copias
445 1503 495 1538 suas,
513 1503 558 1530 oum
573 1489 644 1541 quibus
658 1489 794 1530 Portucastelli
810 1490 854 1537 fuit,
874 1494 893 1529 et

120 1543 218 1597 Hispanos
228 1546 345 1585 trecentost
359 1544 453 1585 Zubiaure
467 1547 555 1597 aceeptus
566 1544 614 1584 duee
623 1544 704 1584 Aliouso
715 1543 808 1598 Oeampo.
824 1544 893 1585 0¹·Sul.

117 1598 207 1640 levanum
225 1600 285 1640 secuti
302 1604 348 1639 sunt
364 1599 479 1639 O'Conchur
496 1598 590 1648 Kierrius,
605 1599 676 1639 Daniel
690 1598 815 1640 O’Sullevani
824 1600 893 1652 Magni

118 1654 175 1703 filius,
185 1654 277 1707 Magnus,
294 1658 314 1693 et
328 1654 399 1694 Daniel
413 1654 459 1694 Illac
476 1653 559 1703 Suinnii,
569 1657 588 1694 et
605 1654 638 1694 1111
654 1654 733 1706 equites.
763 1654 816 1694 Hinc
827 1669 893 1695 omnes

118 1710 199 1762 profecti
208 1709 261 1762 apud
279 1708 423 1750 Gulcarrinnam
442 1709 528 1761 syluamss
547 1708 599 1749 mille
618 1709 706 1762 passibus
724 1709 748 1749 ab
765 1709 821 1750 hoste
830 1710 892 1750 locata

119 1768 180 1805 castra
189 1764 240 1805 vallo
251 1764 420 1805 ehoummuniunt.
436 1764 477 1804 Ubi
486 1764 538 1804 inter
548 1778 574 1814 se,
587 1768 606 1804 et
616 1763 721 1817 Hispanos,
731 1765 808 1817 Anglos
818 1765 891 1805 medios

118 1819 192 1872 magnis
208 1818 353 1859 difficultatibus
370 1820 475 1868 continent,
485 1818 614 1871 prohibentes,
625 1833 650 1859 ne
666 1819 690 1859 ad
699 1833 731 1859 eos
741 1834 765 1859 er
775 1819 856 1872 oppidis,
871 1824 891 1859 et

118 1874 234 1922 ciuitatibus,
251 1878 285 1914 aut
299 1873 339 1913 11111
355 1878 409 1925 parte
424 1874 549 1922 frumentum,
564 1878 719 1927 commeatusque
733 1878 858 1927 supportetur
871 1879 891 1914 et

118 1929 259 1983 intercipientes
275 1943 313 1976 eoS,
331 1928 365 1981 qui
382 1928 447 1968 castris
462 1928 568 1981 pabulandi
577 1942 634 1968 causa
645 1928 727 1969 exibant.
759 1928 890 1972 Quamobrem

117 1985 177 2037 Angli
192 1998 233 2024 non
249 1983 307 2036 longo
323 1983 387 2036 spacio
403 1983 504 2035 progressi,
521 1986 544 2022 ut
560 1982 643 2023 habeant
659 1983 739 2023 celerem
748 1989 853 2037 receptum,
868 1985 890 2024 in

117 2040 210 2092 augustiis
220 2038 284 2078 minus
293 2036 358 2086 libere,
369 2042 388 2078 61
397 2037 485 2077 audacter
494 2037 616 2090 pabulantur,
627 2041 647 2077 et
656 2042 734 2091 accepto
744 2039 820 2079 modico
831 2039 889 2079 detri-

116 2097 188 2142 mento,
198 2093 229 2133 vel
245 2093 300 2133 hoste
315 2092 383 2145 procul
398 2092 438 2132 viso
455 2092 537 2133 sarcinas
552 2092 673 2146 projicientes
686 2093 777 2146 fugiunt:
788 2094 834 2134 inde
849 2093 889 2139 dies

116 2149 226 2188 omittentes
236 2150 296 2187 11111
310 2146 437 2200 pabulautur:
452 2150 550 2199 postremo
566 2147 620 2187 nullo
630 2147 687 2187 modo
696 2147 811 2201 pabulatum
822 2150 888 2189 castris

116 2203 180 2255 egredi
197 2201 279 2243 audent:
295 2206 314 2242 et
325 2201 417 2255 quidquid
434 2206 490 2242 11111
506 2205 623 2242 commeatus
638 2202 750 2251 habuerant,
765 2206 829 2244 totum
839 2203 888 2256 pene

115 2260 237 2298 consumunt.
266 2256 298 2297 Ita
315 2271 347 2298 eos
363 2257 446 2311 primum
462 2257 532 2305 inedia,
543 2271 588 2297 mox
602 2257 669 2306 fames,
684 2257 762 2298 tandem
777 2259 888 2312 pestilentia

114 2311 204 2364 invasit.§
233 2311 349 2352 lbernorum
359 2313 451 2352 exercitus
461 2312 517 2365 copia
526 2326 590 2352 rerum
599 2312 715 2354 abundabat.
745 2312 829 2367 Hispani
840 2326 887 2366 quo-

115 2380 152 2419 que
167 2366 188 2405 in
203 2365 268 2420 plures
285 2367 325 2407 dies
341 2367 395 2407 victu
410 2365 489 2406 minime
507 2371 577 2416 carent,
589 2379 652 2421 quem,
663 2368 693 2408 1161
703 2368 739 2421 ipsi
753 2382 776 2407 ex
791 2368 887 2421 Hispania

114 2425 209 2470 uexerant,
226 2421 256 2461 vel
272 2422 365 2475 oppidum
382 2421 458 2475 praebet,
475 2420 500 2461 ab
516 2422 600 2462 hostium
618 2422 757 2475 irruptionibus
767 2424 812 2472 tuti,
823 2428 842 2463 et
852 2437 887 2464 sua

113 2476 189 2525 virtute,
200 2479 219 2516 et
229 2477 376 2526 munitionibus,
387 2489 433 2530 quas
449 2476 540 2517 fecerant.
569 2476 677 2530 Optimates
693 2478 794 2528 Momouii,
813 2478 847 2531 qui
864 2492 886 2519 eo

135 2627 143 2642 *
155 2626 192 2658 For
202 2625 314 2659 O'Donnell's
328 2626 389 2659 march
403 2630 420 2658 to
435 2624 514 2663 Khrsale,
529 2635 556 2657 see
570 2624 621 2657 Four
635 2624 718 2663 hlasters,
732 2637 762 2670 pp.
772 2626 882 2665 aum-aaut).

113 2670 239 2751 Spbstautially
253 2671 295 2715 they
309 2682 362 2716 agree
376 2670 417 2703 with
431 2670 460 2704 the
474 2669 611 2704 text-Paeata
625 2670 717 2709 Hibernia,
725 2671 760 2704 vol.
770 2671 788 2704 ii.
798 2683 828 2716 pp.
838 2676 884 2711 376-

134 2760 344 2806 †0'NeilleftTyr0ne
360 2761 414 2794 about
421 2758 522 2793 November
530 2759 547 2790 8.
572 2759 611 2792 The
620 2759 670 2792 Four
679 2760 756 2794 Masters
764 2762 845 2797 mention
856 2765 884 2800 his

111 2804 218 2839 invasiones
228 2806 290 2839 hleath
297 2821 302 2847 3
315 2806 348 2839 but
358 2806 400 2850 they
413 2805 448 2838 had
460 2816 482 2837 no
494 2804 558 2836 record
570 2803 591 2837 of
600 2804 706 2848 particulam
714 2804 736 2837 of
745 2806 772 2839 his
781 2810 883 2852 expedition

111 2849 156 2881 until
164 2850 186 2882 he
191 2850 254 2893 joined
263 2851 364 2885 O'Donnell
372 2863 394 2884 on
402 2850 431 2883 the
440 2849 513 2884 Bandon
521 2848 574 2889 river,
582 2860 599 2893 p.
610 2849 661 2885 2279.

134 2893 144 2933 1
157 2894 217 2928 About
223 2907 234 2928 a
241 2896 282 2929 mile
290 2896 341 2930 anda
349 2896 389 2929 half
397 2895 443 2929 from
450 2894 529 2935 Kinsale,
537 2905 560 2928 on
567 2893 597 2927 the
606 2895 650 2928 rond
658 2899 677 2928 to
687 2895 742 2930 Gorlr.

135 2937 144 2978 5
156 2938 202 2972 Four
210 2942 294 2981 Musteus,
303 2953 320 2986 p.
329 2943 381 2975 2281.
395 2940 448 2980 Note,
456 2939 496 2973 ibid.
