2237 3535
124 444 168 471 car.
183 428 227 480 nu]
347 440 439 470 recurrat
454 442 491 470 sun
508 440 641 470 1111111111.

458 601 517 642 0111).
533 600 575 641 ΙΠ.

191 707 203 741 J
204 707 277 741 ohannis
291 707 331 742 O'N
332 709 361 742 elli
373 710 444 743 Tironae
456 707 545 751 Principis
552 717 603 741 casus
611 707 652 741 iniri
660 708 719 742 relatu
728 700 831 755 dignissimi.

122 810 326 852 Eocnusmsriconun
344 811 411 864 majori
426 809 507 850 lanienae
527 808 575 849 varii
594 808 689 848 nobilium
704 809 901 859 motusobstiterunt

124 880 206 919 quorum
219 865 279 918 aliqui
298 866 378 906 suntin
397 865 498 919 praesentia
514 863 607 905 memoria
623 863 727 913 recolendi,
742 869 761 905 et
780 866 875 919 imprimis
891 881 901 906 a

124 921 213 961 Johanne
233 919 316 961 O’Nello
335 921 409 961 Tironae
423 920 510 974 principe
523 919 627 969 concitati,
648 920 682 972 qui
701 920 730 960 ita
746 934 766 960 se
785 921 900 961 habuerunt.

124 976 209 1020 Quintus
218 975 312 1016 O'Nellus
322 976 396 1016 Tirouae
403 977 492 1029 princeps
499 978 574 1015 naturae
581 974 614 1028 jus
621 975 698 1015 solvens
707 975 758 1015 filios
764 975 813 1016 duos
823 976 901 1029 reliquit

124 1045 148 1071 ex
156 1031 250 1072 matribus
260 1030 333 1071 duabus
347 1034 453 1085 susceptos,
470 1030 580 1071 Jobannem
598 1033 617 1069 et
630 1029 771 1071 llardorchum.
801 1030 901 1071 {lohannes

124 1087 158 1140 qui
177 1086 267 1127 defuncto
284 1086 333 1140 patri
348 1085 451 1126 succedens
465 1089 505 1125 erat
524 1085 601 1125 11101110
615 1086 711 1139 princeps,
722 1086 785 1140 gratita
794 1086 901 1139 plurimum

123 1141 207 1195 pollebat
222 1141 272 1195 apud
288 1141 369 1182 Ibernos
379 1144 422 1181 turn
431 1143 504 1180 veteres
513 1143 557 1179 tum
567 1154 632 1189 novos,
644 1155 654 1181 e
665 1155 747 1194 quorum
758 1156 828 1195 genere
838 1142 900 1182 aviam

123 1202 221 1249 paternam
240 1196 314 1245 habuit,
329 1196 404 1236 comitis
419 1194 512 1234 Kildariae
521 1194 595 1236 filiam:
611 1209 646 1235 nec
661 1196 765 1246 dominatu
770 1210 840 1250 parum
850 1197 899 1237 vale-

123 1252 172 1292 bat:
188 1265 272 1305 namque
289 1254 345 1304 capto
365 1249 460 1290 Calvacho
480 1249 589 1300 O’Donello
611 1250 737 1291 Tirconnellae
754 1253 842 1305 principe
867 1255 898 1305 (ut

123 1321 180 1360 supra
202 1306 339 1357 demonstravi)
356 1317 447 1356 magnam
465 1307 540 1355 partem
559 1303 685 1345 lirconnellae
705 1306 793 1359 adjunxit
815 1307 898 1356 Tironae,

123 1362 266 1403 O'Donnellum
276 1360 342 1414 praetio
352 1364 436 1399 mutans.
452 1357 483 1397 Ob
493 1357 513 1397 id
523 1358 578 1397 illum
588 1358 649 1411 Angli
658 1372 774 1413 magnopere
783 1361 899 1411 timebant,l

122 1417 175 1457 baud
190 1417 253 1470 ignari
267 1414 361 1455 Catholici
380 1413 416 1452 viri
435 1412 543 1465 potentiam
560 1411 679 1453 obstaturam
695 1414 755 1455 luisse
764 1416 899 1468 persecutioni,

123 1486 181 1525 quam
190 1471 228 1524 ipsi
243 1470 265 1510 in
282 1468 391 1509 Catholicos
401 1466 561 1507 machinabantur
571 1470 590 1507 et
607 1472 681 1521 partem
701 1470 776 1523 exsequi
795 1476 899 1523 caeperunt.

121 1527 176 1579 Ergo
195 1524 261 1578 cupidi
278 1524 348 1564 virium
364 1523 405 1576 ejus
422 1521 596 1572 diminuendarum,
607 1523 726 1564 occasionem
736 1525 788 1565 nacti
798 1525 901 1580 diligenter

123 1580 223 1636 arripiunt.
247 1579 303 1619 Inter
312 1577 368 1618 illurn
375 1580 395 1617 et
403 1576 535 1617 rardcrchum
541 1577 620 1617 fratrem
630 1578 654 1618 de
663 1579 723 1632 patris
733 1578 851 1630 haereditate,
859 1582 901 1621 ortt

123 1634 321 1684 controversiarum
340 1632 422 1673 Baronis
432 1632 489 1672 titulo
500 1632 611 1673 decoratum
621 1633 645 1673 ad
654 1633 727 1674 bellum
742 1635 849 1686 stimulant,
865 1650 898 1689 spe

122 1690 241 1744 principatus
251 1688 351 1729 obtinendi
357 1687 465 1728 accendunt
475 1704 480 1727 ς
491 1691 510 1727 et
519 1687 548 1727 illi
558 1688 616 1741 regiis
626 1688 743 1742 copiishaud
753 1691 838 1743 segniter
844 1705 901 1744 opem

122 1747 208 1791 ferunt.†
223 1744 272 1785 (lum
279 1742 401 1784 O’Donnello
412 1756 493 1795 quoque,
505 1743 538 1796 qui
548 1743 630 1784 vinculis
639 1744 714 1785 solutus
723 1745 815 1800 Angh'am
825 1747 900 1799 petivit,

124 1800 215 1841 auxilium
234 1800 306 1853 reginae
325 1802 420 1852 rogatum,
440 1798 551 1850 Anglorum
560 1811 629 1839 manus
644 1799 735 1840 mittitur.
765 1800 808 1841 Hac
819 1801 899 1842 O'Don-

123 1856 186 1896 nellns
196 1855 229 1895 sed
239 1855 321 1895 maxime
331 1852 495 1893 Tirccnnellorum
502 1853 608 1902 voluntate,
616 1855 648 1907 qui
658 1854 682 1894 ab
693 1854 777 1896 O’Nello
787 1856 843 1896 facile
854 1857 896 1897 des-
944 1897 945 1902 ,

124 1911 216 1960 civeruut
236 1908 377 1950 Tirconnellam
386 1910 447 1948 totam
457 1909 597 1962 recuperavit.‡
627 1909 710 1963 Jamque
729 1909 825 1952 O’Nellus
841 1912 900 1953 altera

123 1970 178 2020 parte
187 1965 210 2006 ab
221 1963 343 2005 O'Donnello
353 1967 373 2003 et
389 1963 448 2003 altert
458 1962 586 2004 aFardorcbo
601 1963 665 2014 fratre,
676 1969 758 2018 utroque
774 1980 819 2007 cum
828 1968 900 2020 reginae

124 2021 199 2061 auxiliis
218 2020 287 2060 acriter
300 2018 435 2071 impetebatur.
463 2017 560 2059 Praeterea
570 2018 672 2060 Scotorum
681 2019 739 2074 legio,
750 2035 793 2074 quae
803 2036 828 2062 err
835 2023 900 2063 Scotit.

124 2076 237 2116 Albionensi
247 2075 272 2115 ad
281 2073 396 2114 bochellum
407 2072 481 2121 accivit,
491 2073 516 2113 ob
531 2073 596 2113 minus
611 2078 724 2129 tempestive
733 2076 819 2116 solutum
827 2077 899 2130 stipen-

125 2131 185 2180 dium,
196 2130 309 2171 seditionem
319 2129 371 2177 facit,
380 2126 458 2167 O’Nelli
465 2127 546 2171 ditiones
558 2128 655 2182 diripiens.
680 2129 814 2171 Nihilominus
825 2131 899 2173 O’Nel-

124 2186 156 2226 lns
166 2186 187 2226 in
202 2186 244 2240 ipso
259 2184 305 2225 belli
315 2183 392 2224 exordio
402 2182 534 2223 narencium
544 2183 646 2237 extimus
662 2184 734 2225 Contra
744 2185 842 2227 Sooticam
850 2186 898 2239 legi-

125 2242 192 2293 onemll
211 2241 307 2293 reliquum
323 2240 427 2279 exercitum
446 2237 517 2278 ducens
538 2238 640 2278 Scotorum
656 2240 694 2280 tria
712 2239 772 2281 millia
788 2241 899 2282 trucidavit.

124 2296 185 2349 Angli
204 2309 280 2349 quoque
299 2293 422 2347 septingenti,
439 2306 486 2345 quos
497 2293 545 2333 duce
555 2293 649 2344 Randala
660 2294 734 2349 Anglo,
744 2296 810 2348 regina
817 2296 899 2337 O’Don-
965 2296 966 2299 '

124 2351 176 2391 nello
194 2351 265 2391 auxilio
285 2349 344 2399 dedit,
355 2349 420 2389 divinat
433 2347 518 2388 vindicta
528 2353 574 2388 sunt
584 2349 668 2398 eversitl
696 2350 733 2390 Est
751 2351 773 2390 in
791 2351 900 2393 Tirconella
915 2367 922 2375 ”

148 2477 158 2495 s
172 2471 241 2512 Monte,
250 2471 286 2504 vol.
301 2471 324 2504 iv.
334 2483 351 2515 p.
361 2474 390 2512 38,
397 2473 424 2504 42.
448 2470 515 2504 Erents
524 2471 543 2504 in
549 2471 580 2504 the
592 2471 642 2506 three
650 2473 711 2518 reigns
719 2472 740 2506 of
745 2473 829 2517 Edward,
841 2477 900 2522 Mary,

126 2519 161 2551 and
169 2517 267 2556 Elizabeth,
278 2528 308 2549 are
315 2516 397 2559 jumbled
406 2515 454 2553 here,
460 2526 478 2548 as
486 2527 525 2561 may
534 2517 556 2549 be
564 2528 605 2551 seen
614 2518 660 2551 from
668 2520 698 2551 the
705 2518 762 2560 ¹danes.

148 2563 161 2606 †
173 2562 227 2596 A.D.
237 2563 287 2595 1551.
298 2561 423 2595 lata-Fons
432 2561 513 2594 blusters

149 2610 159 2650 1
171 2609 194 2642 Λ.
203 2607 227 2641 D.
237 2607 361 2640 root-nour
374 2607 457 2641 Masters.

149 2654 158 2694 ξ
167 2654 189 2687 Α.
197 2653 220 2687 D.
230 2651 353 2686 rats-Fons·
362 2653 446 2686 Masters.

150 2699 156 2741 11
169 2698 222 2732 Α.]).
235 2699 285 2730 1565.
311 2697 350 2730 The
364 2698 416 2731 Scots
431 2707 477 2729 were
492 2700 523 2729 not
539 2696 618 2740 brought
626 2701 644 2730 to
653 2696 727 2731 lreland
734 2697 810 2742 byJobn
820 2700 899 2736 O'Neill.

126 2743 156 2776 He
164 2743 232 2777 warred
240 2742 310 2786 against
315 2743 363 2775 them
369 2746 387 2775 at
395 2742 426 2775 the
434 2742 536 2785 instigation
543 2741 564 2773 of
569 2741 659 2785 England.
681 2743 748 2781 Moore,
756 2743 780 2777 iv.
790 2745 819 2781 47.
845 2747 901 2781 Their

127 2788 284 2832 loss-according
292 2792 310 2820 to
318 2787 369 2820 other
377 2792 519 2820 accounts-was
526 2786 567 2830 only
575 2786 608 2822 700
616 2798 661 2820 nien.

148 2835 163 2875 11
176 2833 215 2867 The
222 2833 273 2867 Four
282 2833 359 2867 Masters
367 2843 398 2877 say
403 2832 479 2876 nothing
487 2832 507 2865 of
513 2832 542 2865 the
551 2831 656 2875 occupation
664 2832 755 2877 ofDerry.
777 2834 817 2869 The
826 2836 900 2881 English

109 2888 112 2900 1
125 2877 213 2920 garrison,
220 2879 277 2911 under
285 2877 388 2921 Randolph,
403 2877 474 2910 arrived
481 2877 531 2910 there
538 2876 585 2909 from
593 2876 749 2922 LondoninJu1y‚
760 2880 804 2913 1565
812 2895 817 2923 ;
831 2894 866 2915 was
875 2889 901 2916 aa.

126 2922 190 2955 taeked
204 2924 223 2956 in
232 2923 318 2962 October,
326 2922 357 2956 the
370 2933 417 2955 same
425 2933 473 2966 year,
489 2922 511 2967 by
525 2921 573 2955 John
583 2921 664 2963 O'Nei113
678 2922 719 2955 slew
729 2925 763 2957 400
778 2925 799 2959 of
808 2926 839 2960 the
847 2927 901 2968 Irish,

126 2964 169 3015 with
179 2968 208 3000 the
220 2968 256 3001 loss
271 2968 374 3012 (according
387 2972 406 3001 to
420 2967 494 3012 English
502 2968 600 3011 accounts)
615 2966 636 2999 cf
647 2967 688 3012 only
701 2979 735 3002 one
749 2972 900 3017 man,l{and01ph

126 3008 200 3044 himself.
225 3013 271 3052 Oox,
279 3024 296 3056 p.
306 3015 346 3046 321.
368 3013 438 3051 Mocre,
446 3013 468 3046 ir.
477 3014 504 3046 5⁶2.
