2237 3535
88 414 131 442 car.
146 398 205 451 xxa]
333 411 424 439 ranarum
439 411 476 439 sua
491 409 626 439 nutriamur.
819 399 858 438 1353

87 509 152 557 vincti,
169 508 235 548 subter
250 511 362 550 catastroma
379 509 489 550 mittuntur.
521 506 577 546 Unde
591 506 637 547 Mac
647 504 749 546 Suinnium
764 505 860 547 Fanidunr

88 563 187 605 dimittunt
197 563 221 604 ab
236 578 258 604 eo
272 564 293 605 in
308 564 394 606 obsidem
410 564 454 604 dato
471 562 518 611 filio,
534 561 617 601 Daniele
634 561 680 601 Mac
690 561 777 609 Suinnio,
788 575 859 614 cogno·

86 622 157 668 mento,
168 621 182 639 “
189 618 298 659 caralens’
310 619 397 674 (Germ).
411 618 456 659 Mac
464 616 558 657 Suinnius
566 629 642 669 quoque
652 615 759 656 Thuetbius
769 615 859 656 dimissus

87 677 121 722 est,
132 674 177 713 edm
185 674 287 727 puerulum
297 677 371 728 generis
377 673 458 722 obscuri,
466 672 502 712 filii
509 672 539 711 sui
548 670 633 711 vestibus
642 670 733 711 indutum
741 671 763 710 in
773 670 859 711 obsidem

85 728 200 769 tradidisset.
238 730 336 783 Eugenius
353 731 409 771 etiam
426 727 563 777 O’Gattachm,
583 725 676 766 Huonem
695 724 859 767 O’Callachurum

86 787 176 836 nepotem
185 798 209 824 ex
218 785 275 825 fratre
284 785 377 826 Cormalco
386 782 438 825 dedit
447 782 541 823 obsidem.
569 781 715 822 Bremichamus
725 780 859 821 Dubhlinnam

85 852 178 888 reversus,
189 842 270 893 quatuor
286 840 367 890 obsides,
385 838 479 887 Rubrum,
497 837 611 886 Caeruleum,
622 836 746 893 Huonem‘et
755 835 858 889 puerulum

85 892 190 946 ignobilem
209 895 283 948 proregi
301 895 387 937 tradidit,
410 893 436 943 ¹Is
454 906 537 946 puerum
556 892 601 933 crim
619 891 742 945 cognovisset
760 904 801 931 uon
817 904 858 931 esse

85 948 162 988 Tuethii
177 949 243 998 filium,
259 951 337 990 dimisit.
365 950 411 990 Tres
424 947 498 989 nobiles
507 949 529 989 in
539 961 581 989 arce
592 946 737 988 Dubhlinnensi
754 960 799 987 oum
816 945 857 986 aliis

86 1002 184 1044 obsidibus
194 1005 284 1045 custodiar
294 1005 391 1056 mandati]

390 1227 447 1267 CAP.
463 1227 529 1267 XXV.

160 1321 265 1355 Persecutio
274 1321 367 1354 vehemens
376 1320 477 1364 Anglorum
485 1324 546 1354 contra
553 1320 606 1353 fidem
614 1324 662 1353 mota
671 1319 782 1352 describitur.

84 1404 121 1444 tm
130 1418 174 1444 cum
190 1403 269 1444 Ibernia
285 1402 353 1442 misere
370 1402 437 1443 fuisset
448 1403 549 1456 profligata
559 1402 653 1442 nobilium
671 1401 769 1442 discordiis
780 1406 799 1442 et
808 1402 859 1443 inter

84 1473 110 1507 se,
122 1461 140 1497 et
150 1472 194 1498 cum
204 1459 257 1509 regia
266 1471 342 1506 corona,
353 1457 570 1511 Ecclesiastioorumque
576 1471 643 1497 cruore
649 1471 683 1511 per
688 1457 764 1510 Anglos
774 1457 857 1507 diffirs03

83 1512 195 1565 nobilesque
205 1512 258 1564 qubd
267 1515 321 1552 erant
328 1511 477 1553 dissentionibus
490 1512 565 1561 defessi,
574 1518 593 1552 et
603 1512 672 1565 opibus
680 1512 720 1566 jam
728 1511 857 1562 invalidiores,

46 1582 48 1584 ’
83 1567 226 1619 multorumque
245 1566 321 1606 obsides
341 1567 392 1620 apud
408 1567 490 1620 Anglos,
506 1582 541 1620 pro
558 1567 657 1608 Catholica
680 1566 772 1620 religione
792 1567 857 1608 minus

83 1621 192 1661 viderentur
202 1635 254 1662 arma
264 1623 371 1674 sumpturi:
387 1623 461 1675 excepit
470 1623 536 1663 statim
545 1626 612 1663 contra
621 1621 693 1663 Christi
701 1622 759 1663 fidem
768 1636 856 1675 persecu-

83 1677 118 1725 tio,
128 1681 147 1716 et
155 1676 242 1729 tyrannis
257 1676 375 1716 Elirahethae
387 1677 458 1730 reginae
464 1678 527 1731 jussu,
538 1682 561 1718 ut
570 1691 636 1717 omnes
650 1678 728 1718 omnmo
737 1677 856 1718 Catholicam

83 1732 140 1771 fidem
150 1731 264 1780 desererent,
275 1736 294 1771 et
301 1732 407 1772 sacerdotes
413 1733 520 1786 rejicerent,
531 1731 648 1773 allimstris
654 1732 748 1773 haereticis
753 1736 855 1785 praecepta,

83 1786 228 1839 doctrinamque
244 1790 340 1840 caperent,
351 1787 431 1840 Regina
445 1792 517 1827 sectam
537 1786 702 1840 amplecterentur,
722 1791 780 1840 atque
799 1801 855 1827 caere-

82 1841 151 1882 moniis
161 1841 260 1882 audiendis
278 1841 345 1882 diebus
361 1841 414 1882 festis
424 1842 445 1882 in
454 1842 531 1896 temphs
541 1843 667 1883 interessent:
683 1847 702 1883 et
713 1842 737 1883 ad
746 1842 767 1882 id
776 1846 854 1892 terrore,

82 1900 141 1945 metu,
148 1910 208 1950 paena,
215 1897 235 1937 ri
244 1909 365 1949 cogeremur.
376 1896 425 1941 Quae
435 1897 476 1937 dira
482 1897 586 1938 Catholicae
595 1897 641 1938 fidei
650 1898 769 1951 oppugnatio
779 1897 802 1938 eo
812 1911 855 1950 gra-

4 2000 6 2002 ·
82 1952 129 2000 rior,
145 1955 165 1992 et
180 1951 304 2005 periculosior
320 1956 366 2000 erat,
383 1951 420 2004 qub
441 1952 481 2005 jam
496 1956 544 1993 tuuc
561 1956 615 1993 erant
631 1952 698 1993 lberni
716 1953 778 2006 magis
797 1952 855 2006 quam

81 2019 167 2060 unquam
190 2010 235 2060 post
252 2006 309 2046 tidem
328 2010 429 2059 receptam,
453 2006 511 2046 rudes
534 2007 651 2060 Theologiae,
674 2007 810 2060 Philosophia,
835 2012 855 2048 et

78 2060 127 2113 juris
146 2061 235 2115 imperiti,
259 2061 338 2114 perinde
352 2061 376 2101 ad
392 2061 536 2113 disputandum,
551 2062 684 2116 populumque
702 2062 855 2102 conservandum

81 2116 101 2156 in
129 2131 174 2157 vera
202 2116 273 2157 Christi
300 2116 349 2156 Jesu
376 2115 467 2168 religione
491 2117 586 2169 imparati,
615 2117 660 2169 quia
685 2116 786 2170 praeteritis
815 2116 853 2157 dis-

81 2171 140 2220 sidiis,
149 2185 214 2211 rerum
223 2171 373 2224 perturbatione,
382 2170 515 2211 haereticorum
529 2170 608 2212 barbaro
623 2171 692 2220 furore,
703 2172 802 2225 gymnasia
812 2186 853 2212 cor-

79 2230 174 2266 ruerunt:
199 2227 275 2280 vixque,
295 2226 347 2266 ullus
372 2239 449 2266 munere
468 2225 550 2267 docendi
569 2226 664 2279 graviores
683 2226 755 2267 litteras
775 2225 853 2280 publice

80 2280 209 2333 fungebatur:
224 2281 365 2334 Religiosorum
381 2281 428 2321 sacri
444 2285 551 2322 conventus
568 2284 627 2330 erant,
644 2285 697 2335 parte
716 2282 788 2336 majore
797 2282 853 2323 dissi-

80 2336 126 2388 pati,
137 2339 156 2375 et
166 2335 232 2384 aversi,
243 2336 350 2377 sacerdotes
359 2335 384 2376 ad
397 2336 480 2376 infantes
496 2350 545 2389 aqua
561 2351 614 2377 sacra
630 2336 734 2377 abluendos
750 2338 772 2376 in
785 2336 853 2377 multis

80 2390 127 2430 locis
136 2404 176 2430 non
185 2390 240 2431 facile
250 2391 405 2445 reperiebantur:
420 2391 441 2431 in
450 2391 497 2431 locis
505 2391 636 2445 compluribus
643 2392 728 2445 juniores
741 2391 761 2432 id
775 2395 852 2432 tantum

80 2445 125 2485 fidei
144 2445 244 2496 callebant,
263 2447 336 2499 quoda
352 2445 443 2486 matribus
459 2446 606 2499 nutricibusque
622 2446 733 2492 didicerant,
748 2446 778 2487 Ac
792 2447 852 2500 aliqui

81 2499 131 2540 certe
155 2505 195 2541 tam
219 2507 273 2541 eraut
295 2502 341 2542 fidei
363 2501 480 2542 documentis
504 2500 597 2551 destituti,
621 2505 645 2541 ut
668 2500 715 2541 nihil
733 2502 851 2552 confirmare,

80 2555 201 2608 proferreque
218 2557 294 2606 scirent,
313 2560 439 2611 praeterquam
458 2555 510 2609 quod
528 2556 566 2609 ipsi
582 2556 661 2597 firmiter
679 2555 777 2596 crederent
796 2557 852 2610 quid-

81 2610 127 2662 quid
148 2611 235 2651 Ecclesia
257 2611 356 2653 Catholica
379 2612 465 2652 Romana
487 2610 583 2651 crederet:
607 2625 666 2664 penes
690 2625 731 2651 eam
755 2625 796 2652 esse
819 2627 852 2653 ve-

80 2678 121 2705 ram
145 2666 249 2707 Catholica
267 2667 312 2707 fidei
329 2667 434 2708 doctrinam
453 2670 472 2706 et
490 2666 565 2718 Anglos
586 2664 636 2706 male
659 2665 683 2705 de
705 2665 743 2707 fide
767 2668 851 2709 sentire:

80 2719 186 2774 horumque
200 2722 300 2775 praeceptis
316 2736 337 2762 se
353 2721 431 2763 minime
444 2721 501 2761 fidem
514 2720 590 2761 habere.
612 2720 657 2764 Qua
665 2720 710 2761 fidei
718 2721 821 2775 imperitia,
833 2728 852 2765 et

79 2775 163 2816 ruditate
177 2777 238 2830 magis
255 2777 326 2831 oppida
341 2777 399 2830 regia,
416 2791 473 2830 quam
487 2775 602 2829 optimatum
616 2776 663 2816 fines
677 2775 796 2829 laborabant,
808 2780 853 2832 quia

80 2830 132 2882 regia
142 2831 212 2884 oppida
221 2832 281 2885 Angli
286 2833 440 2885 frequentabant.
449 2831 506 2875 Quod
512 2845 573 2871 causae
581 2834 616 2879 est,
623 2834 645 2871 ut
650 2835 742 2886 pastores,
750 2837 770 2873 et
777 2836 851 2884 rustici,

79 2884 150 2925 nedum
161 2886 234 2927 nobiles
244 2887 329 2928 lbernici
345 2891 423 2937 veteres,
434 2891 453 2927 et
467 2886 512 2926 novi
521 2886 591 2926 sintin
600 2885 703 2928 Catholica
712 2887 763 2938 fidei,
774 2891 851 2931 sinceri-

80 2939 119 2978 tate
134 2941 195 2993 magis
211 2942 261 2995 puri,
277 2946 297 2983 et
313 2942 396 2992 candidi,
413 2956 468 2995 quam
484 2941 617 2995 Angloiberni,
629 2942 691 2995 quiin
704 2945 763 2999 regiis
776 2945 851 2999 oppidis

80 3000 227 3038 commorantur.
257 2997 282 3037 In
298 2998 335 3040 hac
352 3012 426 3040 summa
442 2996 529 3052 caligine,
547 3001 566 3039 et
580 2998 700 3053 ignoratione
713 2999 794 3042 dubium
811 3014 851 3042 nou
