2237 3535
103 356 195 409 01111]
310 373 337 400 nu
351 373 415 401 11110
430 373 548 404 0111110111
562 373 670 401 annonam.
833 361 873 401 195

102 480 142 507 sese
152 467 203 520 fugae
213 468 310 510 mandant.
338 469 439 523 O’Ncllus,
449 471 577 521 O’Donellus,
587 473 607 510 et
616 469 662 510 Mac
672 468 739 518 Guier,
752 468 786 522 qui
795 472 876 522 praeerat

102 521 203 575 equitatui,
213 523 329 577 fugientium
338 528 396 580 tergis
405 527 485 568 11111111.
513 526 580 575 Fossa,
590 524 701 577 vallumque
714 524 771 576 regiis
786 528 875 565 11111111-

102 577 132 630 gis
141 577 277 630 impedimento
287 584 334 621 tunc
349 582 474 635 hrgientibuS,
485 595 543 635 quam
554 579 610 621 antea
626 578 789 633 aggredientibus,
801 579 835 633 qui
845 593 874 620 ca-

102 632 169 672 dentes
185 631 218 673 alii
234 647 290 688 super
307 635 353 677 alios
367 638 438 678 fossam
453 637 541 690 implent,
559 640 579 676 et
593 635 678 689 jacentes
692 634 771 688 ungulis
781 648 875 687 equorum

101 685 226 741 peditumque
235 689 315 743 pedibus
325 691 443 734 obteruntur.
473 692 570 733 Ultimum
580 704 655 744 agmen,
665 690 687 729 in
697 703 735 743 quo
743 688 818 742 Bagnat
827 693 874 738 erat,

102 742 151 781 duce
160 745 236 784 mortuo
245 749 333 787 maestam
342 752 361 788 et
370 748 466 802 trepidum
482 746 565 788 turbatis
579 746 621 787 aliis
631 744 704 786 auxilio
713 758 753 786 non
763 748 809 801 erat.
838 745 875 785 Ta

102 811 146 837 men
161 797 276 841 Melmorrus
291 801 382 843 O'Rellns
398 807 525 857 cognomento
542 801 626 843 Pulcher
642 799 728 854 trepidos
742 799 799 853 jubet
809 799 875 840 adesse

102 852 165 892 animo
181 856 200 893 et
216 869 280 896 secum
295 856 347 898 hosti
360 858 452 908 resistere,
462 858 566 911 speciosius
582 870 624 897 esse
637 855 720 897 interfici
729 854 846 909 praeliantes,
856 857 876 894 et

101 907 159 957 nltcs,
170 922 226 961 quam
235 910 330 964 fugientes
340 912 417 965 impune
434 913 501 962 occidi,
511 917 530 953 et
539 912 603 953 adhuc
611 912 652 952 ficri
662 924 725 965 posse,
735 914 758 950 nt
767 909 829 951 hostis
839 910 875 950 im-

101 965 167 1015 petum
177 964 288 1015 sustineant,
305 967 406 1021 ipsumque
421 968 519 1020 repellant.
548 966 628 1008 Pulchri
642 966 775 1007 cohortatione
784 963 875 1006 nonnulli

102 1018 213 1079 confirmati,
230 1020 312 1062 maxime
325 1022 405 1075 juvenes
421 1022 488 1063 Iberni
504 1037 548 1064 cnm
558 1037 580 1063 eo
590 1021 757 1074 cciisanguinitate
774 1019 874 1075 conjuncti

100 1072 231 1127 redintegrant
247 1076 340 1129 praelium.
369 1076 445 1121 Quibus
454 1077 586 1131 pugnantibus
605 1076 688 1117 Pulcher
707 1090 748 1117 sese
765 1076 788 1116 in
806 1088 875 1117 omnes

102 1131 165 1180 partes
181 1131 243 1180 vertit,
259 1135 281 1171 ut
298 1133 358 1185 magis
373 1132 510 1181 laborantibus,
530 1136 549 1172 et
567 1130 721 1185 periclitantibus
741 1145 797 1184 opem
815 1131 871 1170 11111.

91 1182 196 1224 ,Ceterum
205 1184 234 1226 illi
243 1186 304 1238 pauci,
316 1187 402 1240 quicum
412 1201 434 1227 eo
443 1190 560 1235 manserunt,
571 1191 590 1226 et
607 1201 618 1226 a
632 1186 690 1239 regiis
707 1185 776 1226 deserit
786 1189 805 1225 et
815 1185 827 1225 1
836 1185 872 1226 Ca-

101 1237 177 1279 tholicis
193 1239 318 1282 circumventi
332 1241 398 1281 multis
414 1241 525 1281 vulneribus
542 1241 605 1281 affecti
621 1241 693 1280 cadunt
704 1245 723 1280 et
731 1240 815 1280 Pulcher
830 1240 873 1293 ipse

102 1293 153 1332 solus
163 1294 240 1335 relictus
250 1309 339 1348 pugnans
348 1295 456 1345 fortissime,
467 1296 581 1335 sternitur.l
600 1295 626 1334 nt
634 1309 699 1334 omnes
707 1294 755 1348 regii
761 1295 820 1335 effusa
826 1295 873 1348 fuga

102 1347 182 1388 salutem
198 1349 279 1402 pedibus
296 1353 402 1402 quaerentes
411 1364 445 1403 per
454 1350 562 1403 planiciem,
573 1351 611 1403 quat
620 1352 717 1398 venerant,
728 1352 748 1388 et
757 1348 872 1398 arboretum,

100 1402 146 1442 inde
155 1403 284 1444 Ardmaebam
292 1418 354 1457 usqne
364 1404 455 1457 dissipati,
466 1408 486 1445 et
495 1404 581 1457 palantes
591 1404 712 1444 occiduntur.
727 1404 752 1443 In
759 1403 874 1443 Ardmachae

101 1457 172 1509 templa
188 1472 229 1498 sese
245 1462 358 1511 receperunt
373 1460 452 1512 equites,
463 1462 482 1499 et
492 1459 566 1499 circiter
575 1458 634 1507 mille,
644 1462 663 1498 et
678 1459 780 1511 quingenti
793 1457 874 1511 pedites.

101 1510 201 1552 Perierunt
217 1513 283 1565 praelio
298 1513 396 1566 regiorirm
410 1513 454 1567 plns
472 1513 510 1554 dno
526 1513 592 1563 millia,
603 1517 622 1553 et
632 1513 739 1566 quingenti,
754 1516 773 1552 et
782 1513 833 1553 inter
843 1527 875 1553 eos

97 1564 172 1618 Bagnal
182 1568 277 1608 exercitus
286 1567 396 1622 imperator,
406 1568 513 1609 cohortium
521 1568 579 1608 duces
585 1568 654 1622 viginti
663 1571 709 1617 tres,
716 1567 772 1608 multi
779 1568 874 1621 optiones,

98 1621 189 1673 signiferi,
197 1625 216 1662 et
221 1623 322 1663 tesserarii.
338 1622 398 1676 Capta
408 1627 454 1663 sunt
464 1624 519 1677 signa
524 1623 614 1664 militaria
623 1622 704 1676 triginta
714 1626 802 1676 quatuor,
811 1623 875 1663 omnia

98 1675 187 1716 militaria
197 1681 292 1731 tympana,
303 1682 399 1719 tormenta
414 1677 488 1728 bellica,
499 1693 569 1732 magna
579 1679 607 1720 vis
617 1691 720 1727 armorum,
731 1681 750 1718 et
759 1681 813 1718 totns
823 1691 875 1717 com-

98 1734 179 1771 meatus.
213 1732 284 1785 Neque
299 1733 403 1773 victoribus
419 1734 497 1787 quidem
510 1747 577 1787 pugna
592 1733 629 1774 fuit
645 1734 752 1781 incruenta,
772 1733 808 1773 etsi
823 1733 875 1772 enim

99 1786 164 1826 minus
174 1786 251 1827 ducenti
260 1788 339 1828 luemnt
349 1787 456 1838 desiderati,
463 1793 528 1829 tamen
534 1788 579 1842 plus
589 1788 674 1829 sexcenti
683 1788 763 1828 fuerunt
772 1787 874 1827 vulnerati.

99 1840 125 1880 In
134 1841 248 1883 Ardmachee
258 1843 335 1895 templa,
347 1856 388 1897 quae
398 1843 496 1897 regiorum
509 1844 599 1896 praesidio
615 1842 738 1891 tenebantur,
748 1842 781 1895 qui
791 1856 831 1882 sese
841 1841 875 1882 ab·

100 1895 195 1946 didernnt,
213 1898 224 1937 a
240 1898 344 1938 victoribus
361 1897 479 1938 obsidentur.
508 1898 628 1952 Monteguus
644 1912 689 1938 cum
709 1897 795 1950 equitatu
813 1900 874 1937 noctu

99 1950 221 1991 tenebrarum
238 1952 308 1992 auxilio
325 1952 382 2006 fugit.
410 1953 462 1993 Eum
477 1953 518 1993 sine
527 1952 601 2002 ordine,
612 1956 630 1993 et
640 1952 700 1993 effusa
710 1953 756 2005 luga
766 1952 874 2004 fugientem
909 1982 911 1984 -

100 2019 124 2045 ex
134 2006 212 2047 O'Nelli
227 2008 293 2047 castris
309 2011 386 2047 secutus
396 2007 496 2048 Terentius
513 2007 643 2048 O'Hanlonus
653 2021 697 2048 cum
713 2011 767 2060 parte
776 2007 874 2059 equitatus

100 2060 242 2115 impedimenta,
253 2067 273 2101 et
289 2074 349 2115 equos
365 2062 456 2103 ducentos
472 2062 528 2115 capit,
547 2062 605 2102 duces
614 2066 653 2102 tres
663 2061 754 2102 interficit
761 2078 767 2110 3
783 2060 873 2102 Romilius

101 2116 159 2156 etiarn
174 2117 250 2169 Anglus
267 2117 307 2157 dux
322 2131 366 2157 cum
383 2117 413 2158 die
423 2118 529 2171 sequentej
558 2121 578 2157 ta
586 2117 628 2166 iter,
639 2116 715 2157 tabaoci
723 2116 787 2156 herbae
797 2117 874 2157 fumum

100 2170 165 2211 fistula
179 2172 270 2222 sorberet,
288 2172 415 2226 deprehensus
425 2172 524 2212 occiditur.
552 2171 630 2212 Pedites
640 2186 662 2212 cx
677 2174 733 2225 paeto
747 2171 829 2211 inermes
845 2171 874 2212 di-

101 2225 211 2276 mittuntur,
222 2227 338 2277 Ardmacha,
349 2231 367 2269 et
377 2227 476 2268 Postmore
486 2226 570 2268 O’Nello
580 2227 674 2278 traditistl
881 2242 941 2284 [151]

430 2454 488 2496 CAP.
502 2453 539 2494 tr.

274 2576 393 2623 Lageniorum
402 2579 419 2608 et
428 2573 503 2607 aliorum
510 2571 555 2604 varii
564 2581 614 2604 casus
622 2572 708 2616 prosperi.

102 2692 173 2733 Huius
182 2704 253 2745 pugnae
263 2689 388 2743 prosperitate
398 2690 417 2727 et
427 2688 533 2739 opportuno
551 2682 629 2722 Hucnis
639 2682 736 2745 O'hlcrrae
746 2684 831 2746 adventu
840 2684 878 2725 La·

27 2794 29 2798 Α
102 2748 154 2801 genii
163 2746 227 2801 plures
237 2746 311 2786 animos
327 2743 446 2783 sustulerunt
462 2739 486 2780 ad
500 2752 551 2779 arma
560 2751 595 2790 pro
604 2737 642 2777 lide
651 2741 670 2777 et
679 2738 768 2779 libertate
778 2740 877 2794 capienda,

124 2847 132 2863 *
144 2846 181 2880 For
189 2846 219 2879 the
228 2845 310 2879 different
318 2848 401 2878 accounts
410 2842 430 2876 of
436 2841 470 2874 this
478 2839 539 2881 battle,
548 2840 634 2873 collected
640 2840 662 2885 hy
670 2840 708 2874 Mn.
723 2842 842 2885 O'Donovan,
851 2857 879 2880 see

101 2889 152 2923 Four
160 2891 244 2931 Masters,
252 2902 282 2935 pp.
297 2892 349 2928 2059,
362 2889 414 2925 2075.
439 2885 581 2925 1111111401.
607 2884 625 2918 It
633 2897 668 2919 was
676 2886 741 2931 fought
752 2900 775 2922 on
788 2891 819 2924 the
832 2891 880 2925 river

102 2934 170 2976 Oniten,
178 2936 233 2969 about
240 2940 276 2969 1110
284 2935 335 2968 miles
342 2934 441 2967 north-east
449 2931 469 2964 cf
475 2930 561 2975 Armagh,
571 2931 643 2975 August
652 2934 678 2971 10,
689 2934 740 2966 1589.
