2237 3535
119 414 164 442 car.
179 399 209 451 u]
346 413 372 440 nu
386 412 450 440 nunno
466 412 584 444 ournnncnu
598 413 705 441 auronum.
852 402 892 441 219

118 512 182 563 Asper
198 509 362 563 consanguineum
372 524 428 551 suum
444 510 513 556 Quinti
523 510 584 550 filium
600 509 690 550 Oalrachi
699 509 791 563 principis
800 513 893 564 nepotem

117 565 189 619 jubens
195 564 285 605 adversus
292 579 324 605 eos
329 580 369 606 rem
375 566 462 619 gerere,l
468 567 509 620 ipse
515 564 630 605 Tomoniam
639 565 719 613 invadit,
730 568 750 604 et
758 577 828 616 magua
838 569 893 617 parte

115 619 191 673 diripit,
202 619 319 673 domumque
327 620 429 662 incolumis
448 620 557 662 revertitur.
586 619 669 660 Interim
678 619 745 661 Docrii
754 619 829 672 legatus
838 619 894 660 Luco

119 688 207 728 egressus
217 672 242 715 ob
260 675 381 717 O’Dccharta
397 676 464 730 praelio
481 675 582 717 occiditur.
611 674 693 727 Jamque
710 674 808 727 penitebat
818 674 894 727 Anglos

118 731 140 770 in
149 728 233 770 reorum
243 731 323 780 venisse,
335 736 353 772 et
369 746 380 771 a
394 731 455 772 nullis
470 730 547 772 ibernia
557 729 620 783 adjuti
633 730 702 784 procul
715 729 773 784 dubio
783 730 821 769 cito
831 743 895 770 rever·

118 788 211 835 terantur,
222 785 260 826 nisi
274 786 335 826 Artus
352 785 447 828 O’Nellus
457 786 542 827 Terentii
551 785 644 840 principis
654 785 705 825 filius
719 784 744 824 ad
754 786 786 825 eos
796 799 816 824 se
826 788 895 825 contn-

118 840 181 889 lissct;
193 853 231 893 quo
241 841 361 882 internuncia
371 841 398 882 eis
408 842 466 882 etiam
473 842 536 894 Asper
544 840 671 886 conciliatum
681 840 706 881 ob
716 839 751 880 has
761 853 833 889 causas,
842 838 895 893 quhd

119 895 150 935 illi
160 908 204 934 cum
214 894 322 936 O'Donello
332 896 417 937 simultas
428 901 468 937 erat
478 897 502 937 oh
512 896 610 937 Leffiiiam
616 895 751 949 municipium,
759 894 810 948 quod
820 896 895 947 Aspero

120 950 131 989 a
140 953 195 1003 patre
204 950 295 991 traditum
306 950 342 991 sibi
352 950 471 992 O’Donellus
481 951 603 1005 adjudicavit,
613 951 672 991 Firmi
686 950 786 991 castellum
797 949 895 1003 (Oaislean

119 1019 145 1045 na
161 1004 226 1057 Finni)
238 1006 312 1059 Aspero
322 1006 381 1046 dans:
396 1006 448 1059 quod
468 1008 525 1047 etiarn
544 1006 633 1060 sperabat
652 1006 668 1046 si
677 1005 739 1059 Angli
752 1006 857 1054 vincerent,
875 1019 895 1045 se

119 1060 208 1100 futurum
224 1059 360 1110 O’Donellnm,
376 1065 395 1101 et
409 1076 448 1101 suaa
463 1061 540 1101 familiae
556 1061 668 1115 principem,
686 1062 737 1101 sicut
753 1060 809 1100 illum
829 1060 895 1101 statim

120 1115 182 1167 Angli
189 1119 279 1169 ceperunt
288 1117 391 1165 nominare,
402 1116 478 1169 magnis
488 1115 529 1156 aliis
538 1117 642 1169 propositis
652 1116 755 1169 praemiis.‡
769 1115 839 1169 Itaque
849 1129 895 1155 cum

121 1169 242 1211 O'Donellns
247 1185 313 1211 rursus
320 1171 342 1210 in
347 1171 441 1211 Tomonia
446 1171 483 1210 iter
490 1171 576 1223 cepisset,
582 1172 646 1224 Asper
652 1186 692 1211 eam
700 1172 818 1211 occasionem
824 1185 895 1225 oppor-

121 1229 190 1265 tunam
199 1229 258 1275 ratus,
268 1226 292 1266 ad
302 1225 377 1278 Anglos
387 1240 407 1265 se
417 1226 491 1266 confert
502 1225 536 1279 (ob
546 1226 584 1266 ica
591 1225 651 1266 Nolla
660 1228 742 1279 conjuge
748 1240 782 1266 sua
789 1225 895 1266 O'Donelli

122 1294 186 1320 sorore
196 1280 309 1332 desertum),
320 1280 390 1333 quibus
400 1280 503 1329 Leffiriam,
514 1293 572 1334 quam
581 1281 624 1333 ipse
634 1281 725 1321 custodiae
737 1295 793 1321 causa
806 1280 894 1330 tenebat,

121 1334 198 1385 tradit.§
214 1335 239 1375 Iu
250 1349 271 1375 ca
281 1335 341 1387 Angli
351 1335 417 1374 decem
427 1335 514 1375 cohortes
524 1335 613 1388 praesidio
624 1335 723 1375 collocant.
738 1335 763 1375 ld
773 1335 894 1375 O'Donellus

122 1404 166 1430 cum
182 1389 303 1442 intelligeret,
320 1390 445 1429 Tomonicarn
460 1389 600 1442 expeditionem
617 1388 733 1442 relinquens,
744 1390 796 1430 haud
805 1390 895 1443 procula

121 1444 205 1493 Leffirit,
215 1446 285 1484 stativa
300 1443 390 1497 disponit.
419 1444 469 1484 Erat
478 1446 540 1497 Asper
557 1444 585 1483 vir
602 1446 665 1484 animo
675 1457 753 1496 magne,
764 1449 783 1484 ct
793 1445 866 1493 audaci,
877 1451 897 1484 et

121 1500 150 1539 rei
159 1499 246 1539 militaris
256 1499 337 1539 scientia
344 1499 442 1551 praedituS,
453 1502 510 1551 atque
525 1498 598 1538 multos
608 1499 620 1538 a
629 1513 663 1539 sua
672 1504 726 1552 parte
736 1499 853 1539 Tirconellos
862 1499 896 1539 ha-

121 1553 186 1602 bebat,
196 1567 278 1606 quorum
288 1567 351 1606 opera,
361 1557 381 1592 et
389 1553 462 1593 virtute
471 1554 532 1593 fretus
540 1553 562 1593 in
571 1553 630 1605 plano
640 1568 684 1593 cum
701 1553 804 1594 Catholicis
818 1568 899 1594 manum

122 1622 222 1649 conserere
231 1622 272 1648 non
288 1608 402 1648 recusabat:
417 1607 475 1648 fidem
485 1612 549 1648 tamen
559 1607 678 1649 Catholicam
688 1622 763 1662 semper
772 1610 852 1649 retinuit
860 1609 900 1648 hae-

121 1663 225 1703 reticorum
235 1664 357 1703 caeremonias
374 1667 478 1712 aversatus,
491 1663 542 1703 sicut
560 1667 580 1704 ct
589 1664 656 1713 Artus,
667 1664 701 1717 qui
710 1664 749 1703 cito
759 1663 769 1704 ὲ
779 1664 819 1704 vita
828 1664 899 1704 disces-

123 1719 154 1758 sit.
184 1718 260 1759 Circum
270 1718 367 1758 Leffiriam
376 1718 428 1768 verb,
439 1722 459 1758 et
467 1718 544 1758 Lucum
560 1718 645 1771 aregiis
656 1722 674 1759 et
684 1718 787 1759 Catholicis
797 1720 871 1768 acriter,
880 1722 900 1759 et

122 1771 173 1827 saepe
183 1773 294 1813 dimicatum
305 1774 351 1825 estll
364 1772 496 1813 Memorabilis
506 1776 535 1813 cst
545 1775 638 1827 equestris
647 1788 719 1827 pugna,
730 1788 767 1827 qua
776 1774 833 1827 regiis
843 1774 899 1827 iuga-

122 1829 147 1868 tis
157 1828 242 1881 Magnus
252 1828 356 1874 O’Donelli
365 1828 423 1868 frater
433 1828 529 1881 Asperum
534 1828 577 1868 loco
585 1828 684 1870 cedentem
694 1830 749 1869 hasta
758 1829 899 1869 transfossurus

123 1884 198 1933 fuisset,
208 1883 246 1924 nisi
258 1884 298 1937 ejus
312 1882 373 1922 ictum
388 1886 494 1923 removeret
509 1882 610 1936 Eugenius
626 1883 755 1924 O'Gallachur
770 1888 899 1937 cognomento

124 1938 195 1978 Junior
210 1938 271 1992 ipsius
286 1937 356 1990 Magni
370 1952 441 1987 comes,
457 1938 535 1991 pietate,
552 1942 571 1978 et
587 1953 652 1979 aurore
667 1939 688 1979 in
706 1938 808 1979 O'Nellam
818 1953 899 1979 suorum

125 1993 247 2033 dominorum
261 1992 353 2033 familiam
367 1997 439 2032 motus.
468 1992 494 2032 In
511 2007 568 2045 quani
582 1993 675 2034 familiam
692 1994 763 2047 dispari
779 1994 843 2034 animo
860 1993 900 2033 fuit

124 2048 224 2089 Cornelius
235 2046 370 2096 O'Gallachur,
382 2047 415 2100 qni
424 2048 499 2100 Aspero
515 2048 632 2100 persuasisse
641 2048 708 2098 fertur,
719 2052 742 2088 nt
751 2049 775 2088 ad
784 2049 860 2101 Anglos
870 2049 899 2088 fa-

125 2107 177 2143 ceret
191 2103 329 2151 transitionem,
340 2107 359 2142 ct
368 2101 465 2155 Magnum
481 2101 589 2142 uulnerauit
606 2102 658 2156 apud
672 2103 774 2143 illoninem
786 2104 842 2156 juxta
852 2102 898 2143 Laf-

124 2157 199 2208 firiam;
213 2157 248 2198 ubi
258 2157 354 2211 equitatus
363 2157 455 2210 utrinque
471 2156 598 2211 incomposite
609 2158 711 2207 concurrit,
722 2161 741 2197 et
750 2158 836 2210 Magnus
846 2172 898 2210 equo

124 2216 192 2252 vectus
200 2213 251 2255 inter
260 2212 345 2266 quinque
355 2212 427 2265 equites
437 2210 519 2251 lhernos
528 2212 591 2265 regios
601 2212 625 2252 ab
634 2213 708 2266 Aspero
717 2213 739 2252 in
748 2213 825 2253 dextero
838 2213 899 2253 latere

124 2266 180 2306 hasta
189 2268 303 2321 percutitur,
314 2271 333 2308 et
343 2268 483 2308 circumventus
493 2267 504 2306 h
513 2266 602 2307 Cornelio
612 2267 648 2307 sub
663 2268 742 2307 humero
752 2268 816 2308 icitur.
846 2267 898 2308 Has-

124 2325 188 2361 aarum
198 2322 286 2375 cuspides
295 2322 341 2362 licet
349 2322 427 2362 loricam
436 2336 477 2362 non
487 2322 633 2375 penetraverint,
641 2326 706 2363 tamen
715 2322 788 2376 Magno
797 2323 818 2362 in
828 2337 899 2376 corpus

124 2375 234 2416 infixerunt.
264 2376 378 2418 Rothericus
402 2376 456 2416 fratri
479 2377 550 2417 auxilio
570 2377 648 2418 veniens
668 2378 738 2431 Asperi
756 2381 823 2431 pectus
842 2378 899 2418 hasta

124 2430 212 2484 appetit:
241 2432 304 2485 Asper
326 2432 371 2473 loris
392 2431 458 2472 tractis
479 2432 523 2484 equi
546 2436 604 2484 caput
628 2432 703 2482 tollens,
723 2434 764 2487 ejus
782 2433 845 2473 fronte
866 2447 899 2473 en-

125 2485 172 2539 cipit
199 2485 298 2528 Rotherici
325 2488 391 2536 ictum,
416 2500 454 2540 qno
483 2500 543 2539 equus
563 2487 614 2527 iiius
634 2487 725 2527 exanimis
751 2502 794 2528 cum
822 2489 899 2540 Aspero

125 2540 203 2581 corruit.
239 2541 278 2582 Sed
293 2542 357 2596 Asper
380 2541 448 2582 asnis
469 2540 545 2582 leuatus,
558 2540 656 2582 Leffiriam
671 2544 773 2583 revertitur
788 2541 900 2583 O'Douello

126 2610 169 2636 cum
179 2596 276 2649 peditibus
282 2598 452 2652 appropinquante,
467 2596 551 2649 Magnus
561 2610 584 2636 ex
594 2596 705 2637 vulneribus
711 2598 751 2650 egit
757 2597 838 2638 animam
846 2597 900 2639 intra

150 2713 158 2729 ⁸
170 2712 219 2746 Four
228 2691 311 2751 Mamers,
320 2724 337 2756 p.
346 2714 404 2753 22095
416 2711 450 2744 but
458 2710 505 2743 dates
514 2720 544 2742 are
552 2720 594 2752 very
602 2709 745 2753 unsatisfactory.

150 2757 436 2798 †A1·t0¹NessdesertedJune
451 2757 466 2787 l.
491 2754 532 2787 Nial
541 2754 604 2787 Garbh
612 2766 634 2787 on
645 2754 722 2788 October
730 2757 747 2787 3.
773 2753 901 2790 Withoutthe

126 2801 156 2835 aid
171 2802 192 2835 of
206 2804 257 2836 those
273 2803 346 2837 traitors
362 2803 441 2837 Dowlrra
456 2798 588 2844 acknowledges
604 2799 626 2832 he
643 2800 695 2832 could
710 2804 743 2832 not
758 2800 802 2833 have
815 2801 859 2846 kept
872 2802 899 2835 his

126 2848 222 2932 griuthur
230 2892 313 2933 Masters,
321 2904 339 2936 p.
350 2894 400 2926 2209.
425 2890 510 2928 Dowhra,
518 2888 566 2929 laid,
574 2899 591 2933 p.
601 2890 653 2922 2205.

150 2935 160 2975 ἓ
172 2935 221 2971 Four
231 2938 313 2976 Masters,
321 2949 351 2982 pp,
359 2940 411 2976 2205,
419 2937 471 2969 2211.

151 2980 157 3021 ll
171 2980 228 3015 These
233 2982 296 3016 details
304 2982 322 3015 in
331 2982 438 3017 accordauce
446 2980 489 3014 with
496 2979 576 3014 Dowlrra
583 2979 618 3012 ancl
626 2978 676 3013 nour
684 2979 769 3016 Masters.
