2237 3535
114 427 157 455 car.
168 411 230 463 1111]
289 424 315 451 nn
326 424 421 455 curruca
431 424 501 453 ranns
512 422 671 452 runsncurrours
681 422 772 450 ruuorrs.
843 413 883 452 297

112 520 233 570 inundantes,
244 519 334 561 damnum
343 521 398 565 illud.
410 522 460 576 quod
470 521 531 575 Angli
544 520 658 570 intulerunt,
673 520 770 573 religiosas
780 519 854 570 domus,
865 524 884 561 et

111 591 164 618 sacra
173 576 271 630 gymnasia
281 577 388 627 evertendo,
399 580 529 631 compensant,
540 579 560 617 et
569 576 681 625 resarciunt,
697 575 784 628 quamvis
793 589 833 614 non
842 589 883 615 orn-

111 632 163 680 nino,
180 645 249 684 magna
265 635 329 672 tamen
344 647 368 673 ex
384 636 444 686 parte.
472 631 498 672 Iu
507 631 586 672 Ibernit
600 644 677 684 qnoque
691 629 781 670 nonnulli
790 629 853 670 adhuc
863 644 883 670 se

62 715 65 718 -
110 686 235 739 religionibus
251 686 335 740 alligant.
365 687 393 729 Hi
413 691 530 728 sacramenta
545 685 662 736 ministrant,
681 688 791 726 constantes
808 686 829 725 in
844 684 883 725 fide

109 741 208 793 adjuvant,
217 745 307 782 nutantes
317 743 436 791 confirmant,
446 741 535 783 cadentes
545 742 634 790 retinent,
645 742 708 795 lapsos
719 739 803 793 erigunt,
818 739 882 779 Evan-

109 796 179 849 gelium
190 803 329 837 sacrosanctum
345 800 450 851 exponunt,
465 797 538 851 populo
548 797 692 845 concionantur,
703 795 837 836 haereticorum
846 808 882 834 no-

109 852 150 899 dos,
161 854 217 904 atque
226 852 282 892 tricas
292 852 404 893 dissolvunt.
434 852 478 896 thro
488 851 573 893 crebrius
583 865 593 891 6
602 866 661 904 reguo
677 850 773 892 discedere
781 849 880 903 jubentur,

108 905 131 945 eb
140 905 231 946 libentius
240 911 324 956 manent,
335 911 354 947 et
363 908 421 948 etiam
435 907 541 947 confluunt.
570 906 602 947 Ne
611 906 635 947 ab
645 906 715 960 Anglis
730 908 880 959 cognoscantur,

107 961 226 1001 saecularium
242 961 342 1001 hominnm
357 962 443 1006 restibus
455 962 525 1010 induti,
536 960 568 1002 alii
576 965 696 1011 mercatores,
706 961 736 1002 vel
745 960 838 1008 medicos,
848 959 882 1000 alii

107 1029 158 1065 ense,
169 1019 188 1055 et
197 1017 280 1070 pugione
291 1017 347 1056 cincti
356 1016 436 1069 equites,
451 1016 482 1057 alii
498 1016 535 1057 alia
545 1016 661 1066 conditione,
672 1021 691 1056 et
700 1019 740 1056 arte
749 1030 770 1055 se
780 1014 879 1055 simulant.

107 1069 136 1109 Ut
150 1075 214 1111 autem
230 1072 250 1111 in
265 1071 353 1111 omnihus
363 1072 418 1124 regni
427 1071 473 1111 locis
483 1072 522 1111 sint
532 1071 644 1121 sacerdotes,
656 1072 689 1124 qui
696 1071 803 1112 animarum
813 1084 879 1110 curam

106 1129 179 1178 gerant,
196 1125 270 1166 salubre
285 1126 385 1166 consilinm
402 1129 431 1165 est
445 1126 520 1174 initum,
538 1126 590 1179 quod
605 1131 627 1166 nt
641 1127 715 1166 facilins
724 1126 846 1180 percipiatur,
856 1125 879 1165 in

105 1181 216 1221 memoriam
230 1180 358 1220 revocandum
375 1183 415 1230 est3
430 1180 452 1220 in
467 1180 545 1221 ibernia
560 1181 741 1234 Archiepiscopatus
757 1185 846 1234 quatuor,
857 1184 878 1220 et

104 1233 232 1288 Episcopatus
242 1235 348 1288 complures
358 1249 405 1282 esse,
416 1248 519 1288 omnesque
529 1235 586 1276 hodie
596 1235 619 1275 ab
629 1235 759 1276 haeresiarchis
769 1235 862 1288 possideri
872 1252 876 1275 ι

105 1289 129 1329 ob
139 1290 197 1342 idque
212 1290 273 1329 titulis
287 1304 352 1329 eorum
368 1289 476 1330 Catholicos
490 1290 581 1343 praesoles
599 1291 678 1331 nonnisi
694 1290 736 1330 rarb
747 1291 812 1339 creari,
824 1289 877 1343 qubd

104 1343 145 1383 sine
154 1343 279 1397 vectigalibus
289 1344 420 1384 ecclesiasticis
429 1347 483 1384 tanta
491 1345 632 1397 Episcoporum
645 1345 702 1385 turba
719 1345 839 1397 dignitatem,
857 1348 877 1384 et

103 1398 194 1440 honorem
204 1400 253 1438 tueri
262 1413 303 1438 non
312 1412 367 1452 posse
376 1399 468 1439 videatur.
498 1399 628 1442 Quamobrem
634 1400 780 1452 Archiepiscopi
785 1405 875 1452 quatuor,

102 1453 137 1505 qni
146 1457 192 1493 sunt
201 1468 212 1494 a
222 1453 308 1493 Romano
324 1453 418 1493 Pontifiee
434 1454 541 1505 inaugarati
557 1454 577 1493 in
592 1453 715 1506 suffraganeis
724 1453 875 1507 Episcopatibus

101 1508 182 1547 vicarios
198 1508 296 1561 generales
312 1509 433 1547 constituunt
449 1508 564 1548 authoritate
574 1509 687 1561 apostolica
696 1509 804 1557 accedente,
815 1522 876 1548 sacer-

102 1561 162 1611 dotes,
180 1562 219 1602 sive
237 1562 321 1611 clericos,
338 1562 376 1602 sive
393 1562 497 1614 religiosos.
527 1562 557 1602 Hi
565 1576 631 1602 rursus
641 1562 783 1616 parochialibus
792 1562 877 1602 ecclesiis

100 1617 193 1668 parochos
202 1617 314 1669 preficiunt.
345 1616 371 1656 llt
384 1616 484 1669 Eugenins
492 1616 538 1657 Mac
547 1617 658 1669 llagarmns
667 1617 787 1658 Dnblrlinnae
796 1618 876 1657 Archie-

100 1671 196 1725 piscopos,
213 1675 232 1711 et
247 1671 311 1711 David
327 1670 433 1711 O'Carnius
449 1671 522 1712 Oasiliae
538 1686 608 1725 magna
625 1672 740 1723 discrimina,
751 1677 771 1713 et
786 1672 876 1725 ingentes

98 1725 173 1766 labores
183 1726 274 1766 adeuntes
285 1740 363 1766 suorum
369 1726 573 1779 Archiepiscopatuum
581 1740 625 1767 oves
634 1741 669 1780 per
679 1742 699 1768 se
705 1731 793 1781 pascunt.
804 1728 874 1768 Petrus

98 1780 220 1821 Lombardus
238 1781 398 1835 Archiepiscopus
422 1781 541 1830 Ardmachae,
562 1786 581 1821 et
600 1782 709 1823 Florentius
729 1782 875 1823 O’Melconrins

99 1835 189 1885 Tuemiae,
201 1837 234 1889 qui
242 1836 309 1876 multis
319 1835 343 1875 de
352 1835 414 1875 causis
423 1836 444 1875 in
460 1835 539 1876 ibernit
547 1850 582 1888 per
590 1836 666 1889 Anglos
675 1841 729 1878 tutus
739 1851 780 1878 esse
789 1851 829 1877 non
838 1852 873 1891 po-

98 1893 143 1938 test,
154 1904 197 1930 suas
207 1890 314 1943 provincias
324 1889 398 1930 vicariis
409 1889 528 1943 delegarunt.

128 1944 192 1988 Quam
208 1944 284 1985 strenue
301 1948 365 1984 autern
381 1944 487 1984 sacerdotes
502 1959 543 1985 rem
560 1949 633 1998 gerant,
644 1950 664 1986 et
672 1945 776 1987 haeresibus
787 1948 871 1998 obstent,

98 1999 156 2039 fidem
172 2003 254 2053 superat.
284 1998 328 2042 Qua
344 1999 364 2038 in
380 2011 401 2038 re
417 1998 499 2038 multum
508 2000 602 2053 imprimis
616 2001 708 2041 insudant
717 2001 763 2042 Divi
772 2002 872 2044 Dominici

97 2054 187 2106 religiosi,
198 2054 236 2106 qui,
247 2053 297 2093 sicut
306 2053 372 2102 multa,
383 2052 491 2106 nobiliaque
509 2054 605 2106 quondam
614 2055 636 2095 in
645 2055 723 2096 Ibernia
733 2057 819 2098 caenobia
829 2063 871 2099 ten-

97 2112 174 2157 uerunt,
183 2109 210 2148 ita
225 2122 277 2148 nnnc
291 2107 320 2148 illi
336 2107 430 2148 laboranti
439 2122 479 2148 non
487 2108 552 2149 minus
562 2109 641 2150 student
654 2110 777 2162 subveniret
786 2127 843 2166 quarn
853 2114 870 2153 si

97 2162 163 2202 eadem
172 2162 297 2215 possiderent.

124 2216 221 2269 Seraphici
230 2216 326 2257 Francisoi
335 2216 390 2266 filii,†
400 2216 561 2269 quemadmodum
571 2223 617 2259 sunt
626 2220 678 2274 apud
688 2219 768 2262 Ibernos
777 2222 799 2262 in
808 2224 869 2263 maxi-

96 2271 129 2311 1116
144 2272 271 2321 veneratione,
288 2271 346 2312 hodie
361 2271 383 2311 in
399 2271 478 2312 Ibernit
493 2276 570 2314 caeteros
588 2288 653 2315 omnes
669 2276 768 2329 religiosos
787 2291 868 2318 numero

96 2325 181 2366 vincunt.
192 2325 235 2367 Nec
244 2327 288 2367 ullis
298 2326 370 2367 meritis
379 2326 452 2367 cedunt
458 2331 522 2381 patres
531 2329 627 2370 societatis
637 2330 650 2370 J
651 2333 704 2382 esu,‡
716 2331 760 2384 qnia
770 2331 806 2372 suh
815 2332 868 2373 idem

117 2496 125 2512 ⁸
137 2493 239 2538 According
247 2497 266 2527 to
274 2493 306 2527 the
314 2492 401 2527 Hibernia
408 2492 531 2533 Dcmiuieana,
540 2506 557 2538 p.
567 2496 607 2533 aio,
615 2494 667 2528 there
675 2505 721 2528 were
730 2496 771 2541 only
779 2496 820 2530 four
829 2497 867 2532 Do-

94 2539 179 2573 minicans
186 2539 205 2572 in
214 2538 285 2572 Ireland
294 2542 312 2571 at
320 2539 350 2571 the
358 2538 400 2572 time
409 2538 430 2571 of
435 2537 544 2571 Elinaheth's
555 2539 615 2572 death.

118 2586 128 2628 †
141 2584 200 2617 While
208 2595 240 2617 6111·
249 2583 313 2616 author
327 2594 362 2617 was
375 2583 452 2627 writing,
467 2583 529 2626 (1618)
537 2583 568 2616 the
576 2583 693 2617 Franciscans
702 2595 747 2618 vvere
756 2597 798 2630 very
806 2598 868 2621 nume-

95 2639 137 2662 rous
145 2630 163 2663 in
171 2628 253 2662 lrelaud:
266 2628 353 2662 “etiamsi
360 2628 452 2672 provincia
464 2632 526 2661 nostra
533 2639 622 2673 nunquam
631 2629 653 2662 ab
661 2628 711 2663 initio
720 2630 776 2664 fuerit
782 2635 820 2665 tam
829 2633 867 2666 des-

95 2673 149 2707 tituta
156 2674 241 2708 fratribus
249 2684 301 2718 qnam
309 2684 356 2706 nunc
364 2678 396 2713 est,
405 2677 463 2706 tamen
472 2673 518 2715 (laus
526 2673 566 2706 Dec
574 2676 587 2716 l)
594 2674 652 2706 adhuc
661 2673 680 2706 in
687 2673 774 2715 Hibernia
782 2676 867 2712 hahemus

93 2723 166 2753 centum
173 2719 236 2764 viginti
243 2718 314 2757 fratres,
327 2719 419 2762 exquibus
433 2722 473 2750 sunt
480 2717 556 2762 triginta
564 2717 639 2762 quinque
647 2719 825 2762 praedicatores”-in
833 2723 867 2757 hoo

95 2763 169 2808 collegio
178 2763 268 2807 (Lovanii)
277 2766 342 2808 praeter
354 2774 408 2807 snpra
416 2768 526 2796 enumeratos
534 2768 576 2795 sunt
584 2763 641 2795 adhuc
649 2763 698 2796 ultra
706 2765 824 2809 quadraginta
832 2768 868 2802 fra.

93 2811 137 2848 tres,
146 2810 204 2843 studio
213 2814 231 2842 et
238 2808 300 2854 pietati
313 2812 394 2841 vacantes
403 2813 421 2841 61
429 2812 450 2840 ut
458 2818 535 2852 congruo
544 2811 623 2851 tempore
631 2807 650 2840 in
658 2807 763 2843 Hiberniam
771 2811 867 2848 mittantur

93 2854 316 2897 expectantes—Moonep,
324 2865 341 2897 p.
350 2856 366 2886 3.

117 2898 127 2938 ss
138 2897 187 2941 Very
196 2900 258 2938 active,
266 2898 334 2944 though
342 2902 373 2931 not
381 2908 423 2942 very
431 2907 531 2930 numerous.
556 2896 608 2930 Even
615 2897 633 2930 iu
643 2899 693 2939 1649,
705 2901 802 2946 according
809 2907 829 2937 to
837 2906 868 2939 tho

92 2946 153 2983 repert
162 2944 182 2975 of
188 2944 234 2978 Pere
243 2944 327 2983 Verdier,
335 2944 385 2976 there
399 2953 445 2976 were
453 2941 471 2974 iu
479 2941 553 2975 lteland
560 2942 601 2986 only
608 2944 630 2976 53
639 2943 722 2985 Fathers
730 2948 741 2978 3
750 2945 867 2992 Ooadjutors,

92 2985 127 3018 and
137 2987 154 3019 ll
165 2987 184 3020 N
184 2988 248 3022 ovices.
273 2989 313 3024 The
326 2988 412 3024 noviciate
424 2998 459 3021 was
467 2992 485 3021 at
493 2987 589 3032 Killrenny,
598 2988 704 3023 established
712 2989 734 3035 by
742 2992 772 3025 the
781 2992 867 3029 influence

205 3035 231 3073 38
