2237 3535
1105 144 1116 182 ft

1112 184 1117 193 s

1113 214 1115 222 v

1107 333 1108 336 .
1114 326 1119 337 ’1

1107 351 1114 369 'a

230 381 255 419 11
348 380 736 425 111111111111111111111101111,
752 386 800 415 noni.
815 387 829 414 1.
925 371 974 424 [111.
990 383 1004 410 1.
1101 377 1119 472 y

201 446 203 450 ’

1101 501 1119 549 lif

561 538 620 580 GAP.
634 539 671 579 Vl.

385 652 413 686 De
421 650 497 686 iberniae
509 649 619 692 salubritate,
627 648 719 682 fertilitate
726 653 744 683 et
752 649 857 683 amaenitate.

234 749 286 790 Hmc
302 749 325 789 de
340 748 409 790 insulae
423 750 468 799 situ,
483 747 623 802 magnitudine,
638 746 763 801 partibusque
778 749 849 791 dixisse
861 749 969 790 suffecerit:
985 747 1009 788 de

232 804 376 858 temperatione.
386 804 491 852 fertilitate,
501 803 616 851 amaenitate,
627 817 688 855 pauca
697 802 780 844 breviter
789 806 947 859 perstringamus.

261 860 376 900 Salubritas.
404 860 442 900 Est
455 859 488 900 illa
502 858 580 912 quidem
595 858 673 898 mirifice
682 862 794 912 temperata,
811 874 847 901 nec
863 864 929 901 aestate
938 859 1010 900 Leonis

234 918 283 956 aestu
298 915 386 955 homines
395 914 416 955 in
424 914 508 955 latebras
517 913 609 966 fugante:
624 927 660 953 nec
670 914 738 967 hyeme
752 915 833 966 Aquarii
843 916 907 968 algore
917 916 941 955 ad
958 915 1010 955 iocos

235 973 328 1023 cogente:
344 973 411 1010 oestate
423 984 474 1011 aurae
481 968 557 1022 placido
567 968 637 1022 spiritu
645 968 776 1021 permulcente
786 970 834 1010 nihil
849 971 917 1011 adusta
922 989 929 1020 5
944 971 1011 1023 hyeme

234 1028 312 1079 propter
322 1024 365 1065 coeli
375 1024 452 1079 solique
457 1029 543 1078 teporem
557 1028 577 1064 et
587 1024 634 1064 aeris
644 1024 791 1065 crassitudinem
801 1026 920 1066 vehementia
934 1024 1011 1078 frigoris

235 1080 314 1120 minime
324 1080 394 1120 infesta
405 1098 409 1121 :
424 1093 499 1133 semper
509 1079 555 1119 adeo
561 1077 643 1119 salubris
653 1083 675 1119 ut
687 1078 715 1119 ibi
723 1080 762 1120 sint
771 1080 836 1120 minus
845 1081 892 1133 aegri
902 1094 959 1133 quam
967 1078 1012 1120 alibi

236 1139 255 1175 et
265 1135 383 1175 medicorum
393 1150 423 1176 ars
434 1140 453 1176 et
461 1134 557 1175 industria
562 1148 603 1174 nou
612 1138 652 1174 tam
659 1135 765 1175 necessaria

264 1190 372 1230 Fertilitas.
402 1191 439 1231 Est
448 1189 505 1244 gleba
512 1189 593 1238 fertilis3
609 1204 654 1229 arva
662 1189 755 1230 frumenti
764 1189 817 1230 vario
827 1204 897 1244 genere
906 1189 1013 1243 prasertim

235 1245 295 1285 tritici
301 1245 399 1286 affluenter
409 1246 489 1286 lenacia:
505 1248 580 1284 montes
591 1247 648 1297 atque
658 1244 717 1284 saltus
725 1245 783 1298 louge
790 1243 932 1297 pabulosissimi
937 1257 1012 1298 pecore,

236 1304 361 1354 armentoque
371 1300 476 1341 abundant.
506 1299 567 1353 Sylva
577 1299 622 1340 feris
632 1299 758 1353 complentur.
788 1299 867 1341 Fretum
878 1300 1014 1353 circumjacens

237 1354 323 1409 piscibus
344 1360 418 1397 scatens
432 1355 537 1409 Hispanos,
548 1354 621 1405 Gallos,
636 1354 706 1408 Belgas
717 1356 820 1408 piscatores
837 1356 891 1397 accit.
920 1354 1014 1395 11111111-

238 1410 291 1450 libus
307 1411 393 1464 piscibus
412 1410 518 1452 exuberant
534 1410 621 1450 fiumina.
648 1409 770 1451 Conchilium
794 1411 855 1452 multa
874 1424 944 1464 genera
962 1413 1013 1450 sunt.

238 1466 311 1506 Avium
330 1467 359 1507 vis
376 1467 452 1520 ingens.
480 1466 554 1519 Apium
568 1465 628 1517 longa
643 1466 736 1516 examina,
757 1469 776 1506 et
793 1465 839 1506 inde
858 1466 919 1506 mellis
934 1469 954 1505 et
968 1477 1016 1505 cerae

240 1520 343 1561 affluentia.
379 1522 399 1561 A
408 1522 495 1575 leporum
505 1525 524 1561 et
534 1519 667 1560 cuniculorum
676 1520 785 1561 incursibus
795 1521 878 1562 virentes
887 1522 966 1573 frugum
975 1519 1015 1572 gla-

241 1576 288 1616 dioli
297 1576 364 1616 multis
374 1577 395 1616 in
403 1577 451 1617 locis
460 1590 501 1616 non
511 1576 552 1616 sine
561 1575 649 1615 molestia
656 1575 792 1616 defenduntur.
820 1576 925 1617 Cervorum
934 1574 1017 1615 conferti

241 1645 319 1684 greges.
348 1631 388 1671 Hic
408 1632 453 1685 equi
466 1631 560 1685 pernices,
575 1630 644 1671 robore
653 1634 672 1670 et
682 1631 804 1671 animositate
817 1631 922 1684 praeliando
930 1637 950 1671 et
960 1644 1018 1670 onera

240 1687 336 1739 portando
347 1690 393 1726 sunt
402 1686 502 1741 aptissimi.
531 1685 639 1738 Accipitres
646 1690 801 1739 pratercoeteros
808 1687 875 1740 optimi
883 1703 889 1736 ;
899 1686 977 1726 molossi
986 1684 1018 1724 vel

241 1742 336 1782 venatorii
350 1755 412 1791 canes,
426 1742 506 1790 viribus,
516 1741 623 1790 velocitate,
639 1740 776 1790 11111111111,
786 1741 823 1781 fide
840 1743 861 1782 in
871 1741 965 1790 dominos,
975 1754 1017 1781 cor-

243 1810 313 1850 porum
323 1796 418 1850 elegantia
426 1797 485 1850 longe
494 1796 577 1836 manime
586 1796 678 1849 insignes.
717 1796 806 1849 Argenti,
821 1797 872 1846 ferri,
883 1795 964 1850 plumbi,
975 1796 1018 1836 aeris

244 1852 314 1900 stanni,
325 1852 400 1905 argenti
405 1852 444 1892 vivi
453 1850 530 1892 metalla
540 1850 657 1891 effodiuntur
662 1868 668 1900 ;
683 1852 763 1904 aurique
768 1865 826 1891 venas
835 1852 894 1892 latere
904 1855 924 1890 et
932 1864 1018 1904 gemmas

243 1907 327 1947 inveniri
345 1906 401 1947 multi
420 1907 548 1960 suspicantur.
577 1905 675 1947 Portubus
688 1906 797 1956 tutissimis,
811 1912 868 1960 atque
876 1906 1019 1960 spatiocissimis

243 1961 307 2002 insula
313 1962 399 2015 undique
414 1962 504 2003 ambitur.

272 2018 383 2057 Atramitae.
412 2017 452 2057 Hic
462 2016 536 2057 diffusae
552 2020 572 2056 et
586 2015 709 2068 apertissimae
718 2016 807 2069 planities
817 2020 929 2057 1111111111·
938 2016 1020 2057 lacubus

244 2071 385 2125 navigabilibus
394 2072 463 2113 mediis
470 2071 594 2112 nascentibus
604 2087 609 2111 ε
624 2071 686 2111 fluviis
696 2071 798 2124 pellucidis
803 2076 861 2126 atque
866 2072 946 2125 piscosis
956 2071 1019 2124 rigan-

244 2126 311 2168 tibus:
327 2128 359 2168 hie
372 2141 457 2177 nemora,
477 2130 496 2167 et
512 2126 569 2180 sylva
578 2126 687 2179 frequentes
703 2126 787 2178 quidem,
801 2126 918 2167 densissima
932 2131 952 2167 et
960 2127 1021 2179 impe-

245 2182 290 2221 ditae
307 2183 340 2223 sed
355 2186 421 2223 tamen
434 2182 506 2223 caeduae
522 2187 541 2222 et
559 2181 663 2222 fructifera
677 2185 788 2221 occurrunt.
816 2181 902 2235 Pingues
911 2182 970 2222 colles
979 2194 1021 2221 sese

244 2237 313 2277 leniter
322 2237 401 2278 tollunt.
430 2237 473 2278 Nec
489 2241 554 2278 tamen
564 2236 635 2277 desunt
648 2241 724 2276 montes
734 2236 789 2276 ardui
799 2240 818 2276 et
827 2237 926 2291 asperrimi
936 2237 969 2278 sed
978 2237 1021 2277 1111-

245 2292 286 2332 bidi
294 2296 312 2333 et
321 2294 343 2333 in
360 2307 443 2346 quorum
452 2292 555 2343 verticibus
561 2305 603 2331 non
612 2290 669 2331 modo
678 2291 748 2343 liquidi
761 2291 823 2332 fontes
831 2293 865 2332 sed
875 2292 932 2332 etiam
941 2291 1021 2347 paludes

245 2348 344 2388 interdum
354 2352 405 2389 sunt.
435 2347 525 2388 Flumina
539 2346 597 2387 modo
603 2359 637 2398 per
646 2346 744 2399 planicies,
754 2347 812 2387 modo
821 2347 872 2388 inter
882 2362 960 2389 nemora
969 2352 1021 2388 tran-

246 2402 306 2455 quillo
312 2417 370 2443 cursu
377 2404 440 2444 delata
446 2403 471 2443 ad
480 2402 595 2456 capiendum
601 2401 701 2450 salmones
707 2405 788 2451 tructas,
798 2403 891 2456 anguillas
902 2404 951 2444 1111
961 2416 1022 2456 genus

245 2459 314 2511 pisces,
325 2459 398 2499 accolas
407 2459 503 2499 invitant:
517 2471 552 2497 nec
559 2456 624 2496 minus
634 2457 737 2509 aucupium
747 2461 766 2497 et
776 2459 851 2499 venatio
866 2459 955 2499 delectat.
969 2457 1023 2498 Gele-

247 2510 669 2561 11111111111111111111111111,11111111,
677 2512 764 2562 Baianus,
773 2513 846 2564 Siurus,
853 2513 922 2563 Foras,
929 2513 1022 2562 Bearuus,
1079 2532 1080 2535 ¹

248 2567 287 2607 duo
306 2570 383 2609 nomine
400 2570 481 2622 Magna,
501 2567 579 2616 Ennius,
600 2566 676 2616 111111,
693 2566 749 2607 Lius.
773 2567 959 2610 Laousuiffusiores
973 2582 1023 2621 aqua

193 2630 240 2672 [11]
248 2636 315 2664 suaves
325 2628 375 2674 sunt,
386 2624 484 2673 Neachus,
495 2623 607 2677 Dergertus,
618 2622 695 2671 Ennius,
706 2621 791 2675 Lenustt
