2237 3535
123 856 236 917 norun
262 861 401 921 runrrrr
423 834 622 924 o’surmrru
638 842 757 919 aaran
779 858 895 936 ranan,

369 1007 441 1048 ΤΟΜΙ
454 1007 496 1049 III.
517 1007 602 1049 LIBER
615 1007 641 1049 V.

299 1114 338 1157 'on
350 1125 425 1157 annno
437 1125 572 1165 oumnncnu
582 1123 707 1157 annonam.

119 1223 207 1266 Onasus
217 1241 260 1280 quae
276 1226 370 1267 Urmonio
385 1226 434 1279 regii
443 1226 537 1266 exercitus
547 1226 661 1278 imperatore
668 1242 675 1274 3
689 1225 736 1264 item
752 1237 795 1277 quae
809 1222 891 1263 Essexio

118 1293 199 1334 protege
216 1285 234 1321 et
251 1282 313 1334 primo
327 1285 414 1334 tempore
430 1279 599 1321 administrationis
614 1279 683 1320 Blunti
700 1279 828 1332 contigerunt,
839 1292 892 1318 nnnc

118 1335 228 1376 scribemus.
258 1336 307 1380 Quae
324 1335 401 1389 quidem
413 1349 443 1376 res
457 1338 542 1375 cruentae
552 1338 571 1374 et
580 1337 636 1378 variae
646 1337 698 1383 sunt,
708 1332 758 1374 beho
767 1333 806 1386 jam
815 1332 837 1372 in
846 1332 891 1372 Mo-

118 1390 192 1430 mcnias
201 1390 301 1431 translato.

458 1653 517 1695 ΟΑΡ.
532 1653 551 1695 l.

185 1761 315 1797 Mcmoniarum
323 1774 382 1797 rerum
391 1768 452 1801 status,
462 1775 502 1796 oum
511 1763 577 1797 bellum
585 1762 602 1796 in
610 1762 632 1795 iis
640 1764 692 1808 caepit
700 1764 811 1799 describitur.

114 1866 140 1908 In
150 1867 236 1917 Ultonia,
247 1866 337 1921 Lagenia
348 1872 367 1907 et
377 1866 494 1915 Connachta,
505 1880 548 1919 quae
565 1867 676 1920 scripsimus
693 1867 784 1908 hactenus
798 1868 845 1909 dum
855 1884 888 1923 ge-

112 1926 189 1972 runtur,
199 1922 244 1963 Mac
250 1922 321 1963 Oarrha
326 1922 411 1974 Magnus
416 1921 456 1961 fato
463 1921 574 1973 iungitur,ll
582 1921 651 1962 relicta
657 1922 733 1963 Helena
741 1923 780 1963 filia
788 1923 888 1966 Florentio

112 1977 159 2018 Mac
174 1978 250 2019 Carrhae
265 1977 323 2018 Fusci
338 1976 384 2025 fluo,
399 1976 522 2016 matrimonio
536 1976 634 2025 collocata,
650 1978 684 2030 qui
695 1977 724 2018 >de
733 1977 843 2020 haereditate
854 1980 886 2020 de-

112 2033 181 2082 functi,
201 2047 245 2073 cum
264 2032 339 2086 Angliae
357 2031 424 2084 regina
441 2030 550 2084 litigabant.
584 2031 654 2072 Daniel
672 2032 730 2072 etiarn
748 2032 817 2086 Magni
835 2034 887 2076 iilius

112 2088 191 2137 nothus,
202 2102 221 2128 se
230 2101 266 2127 nec
276 2091 353 2141 paterna
362 2085 473 2126 haereditate
488 2085 591 2139 indignum
600 2100 636 2126 neo
646 2086 727 2127 Helenae
736 2088 796 2128 sorori
805 2092 885 2143 postpo-

112 2142 198 2183 nendum
208 2141 294 2196 putabat,
305 2141 338 2183 sed
352 2141 406 2181 litem
420 2140 519 2181 intendere
535 2155 576 2181 non
590 2140 672 2182 audebat
681 2142 733 2195 apud
741 2142 823 2196 Anghs,
834 2157 884 2197 quos

111 2210 177 2249 aequos
187 2197 223 2238 sibi
231 2197 306 2252 judices
315 2198 355 2238 fore
363 2210 403 2236 non
413 2195 507 2249 sperabat.
522 2196 610 2250 Suspicio
620 2210 664 2237 vero
674 2211 714 2237 non
724 2197 794 2249 deestll
804 2198 853 2252 quin
862 2200 883 2241 in
891 2203 934 2245 [157
936 2209 950 2250 .]

110 2251 153 2291 illos
171 2265 225 2292 snam
240 2266 317 2305 operam
333 2251 508 2314 tueritpcllioitns,
519 2251 577 2314 modo
593 2251 616 2293 ab
627 2251 711 2292 O’Nello
721 2251 744 2292 ab
755 2252 883 2296 obtinendum

109 2305 882 2416 tttttttitttlt.§.itlttffnalttttttttt.bittit}

108 2416 199 2466 Thomas,
216 2421 283 2458 contra
298 2417 398 2458 Giraldurn
412 2415 501 2456 comitem
509 2416 586 2456 fratrem
597 2431 660 2466 snum,
670 2417 741 2470 reginae
750 2421 813 2471 partes
822 2419 883 2461 tuerit

109 2476 193 2512 secutus.
223 2471 254 2513 Ob
272 2473 323 2526 quod
339 2471 417 2514 O'Nelli
430 2485 485 2525 opem
499 2470 610 2524 implorasse
624 2472 719 2514 feruntur.
733 2472 845 2527 Dermysius
862 2479 882 2516 et

109 2527 199 2568 Donatus
209 2527 255 2568 Mac
264 2528 340 2569 Carrhae
350 2528 373 2568 de
390 2526 438 2568 Allae
454 2526 564 2579 principatu
578 2526 612 2568 lite
628 2526 765 2569 contendentes
773 2528 852 2581 judiciis
862 2535 882 2571 et

108 2583 209 2623 sententiis
219 2583 316 2636 regiorum
322 2583 410 2637 judicum
427 2580 600 2622 stomachabantur.
628 2581 707 2636 Aliique
716 2596 792 2636 qnoque
802 2587 822 2624 et
831 2584 882 2636 pub.

108 2637 146 2678 licta
160 2637 258 2692 religionis
274 2640 330 2679 causta
346 2642 366 2679 et
382 2637 459 2691 privatis
475 2635 549 2689 injuriis
565 2636 587 2676 in
602 2637 678 2691 Angios
694 2641 748 2677 erant
756 2637 822 2679 minus
831 2638 882 2683 bene

107 2693 193 2733 animati.
222 2693 318 2734 Caeterum
332 2707 399 2734 omnes
415 2706 489 2733 summa
505 2690 568 2744 quiete
577 2691 696 2741 fruebantur,
706 2692 806 2746 et-Anglis
815 2695 881 2738 minus

106 2751 154 2789 tunc
163 2747 301 2789 lacessentibus
311 2763 368 2803 quam
378 2748 430 2798 alias,
440 2747 465 2788 ob
475 2750 583 2800 temporum
592 2746 681 2800 pericula,
692 2750 712 2787 et
721 2747 827 2790 Momoniis
833 2751 882 2805 ipsis

107 2803 186 2844 minime
195 2803 332 2844 rebellantibus
340 2809 410 2859 praeter
417 2817 492 2857 paucos,
503 2802 537 2855 qui
546 2802 675 2852 facultatibus,
686 2802 799 2857 viribusque
811 2803 881 2859 parum

130 2912 137 2928 ³
149 2913 200 2947 Four
208 2914 291 2954 Mastors,
299 2913 347 2947 AJ).
359 2914 408 2959 1596.
425 2928 427 2930 ·
