2237 3535
113 424 157 452 car.
173 408 232 461 unu]
272 423 298 449 nn
314 421 409 453 curruca
423 422 495 450 rnrrrrs
510 419 671 450 ransucurrcms
685 418 777 461 ruucrrs.
849 403 888 449 287

113 530 185 564 operam
193 518 275 562 deinceps
288 519 360 558 mittito,
374 524 391 552 et
404 530 445 552 suos
457 519 531 564 quisque
539 517 587 550 intra
594 526 661 549 annum
668 519 758 556 revocato,
766 515 793 548 sin
800 516 857 549 minus
865 517 890 549 fe-

112 564 163 605 cerit,
172 564 258 597 bonorum
266 564 385 608 publicatione
393 571 489 598 coercetor.

136 608 202 642 Nullus
218 608 331 653 Papistarum
343 610 362 642 in
378 614 415 642 toto
427 621 483 654 regno
497 605 579 653 magistri
592 605 729 651 praeceptorisve
745 616 818 639 munere
833 604 889 650 fungi,

111 654 204 699 publiceve
212 653 277 698 legere,
285 655 312 687 rel
319 655 382 688 docere
393 654 464 688 audeto.

137 699 172 738 Qui
179 698 323 733 Ecclesiasticum
331 699 421 743 Papistam
430 700 508 738 domum,
516 697 545 732 vel
553 696 571 730 in
579 696 639 730 villam
647 707 697 731 suam
704 695 798 740 receperit,
806 700 838 729 aut
846 706 890 740 quo-

112 755 180 788 cunque
188 745 241 777 modo
249 744 319 783 foverit,
326 745 368 778 fisco
377 744 423 777 bona
430 745 468 788 ejus
480 744 594 778 addicuntur.

136 789 201 823 Omnes
214 789 280 823 nostris
293 789 388 827 sacrificiis,
402 789 516 828 ceremoniis,
525 792 578 832 atque
590 786 710 827 concionibuS,
718 785 819 820 Dominicis
828 785 888 819 diebus

110 839 267 924 mtibiiiiiibello
276 879 336 912 diruta
344 879 459 923 Papistarum
467 878 565 923 sumptibus
577 877 668 923 religionis
675 881 741 910 nostre
749 876 806 910 cultui
814 875 888 909 reaedifi-

111 929 179 958 cantor.

137 1010 231 1052 Praeterea
240 1010 300 1051 Knox
314 1010 561 1064 ministroarchiepiscopos
571 1011 591 1049 et
607 1009 792 1062 ministropiscopos,
803 1007 856 1063 quod
864 1008 886 1048 in

108 1066 162 1118 regit
171 1067 223 1106 secra
233 1069 252 1106 et
262 1065 325 1119 pravis
335 1064 458 1118 dogmatibus
467 1064 597 1118 propagandis
606 1064 699 1104 hacteuus
709 1063 746 1103 visi
755 1064 835 1104 fuerunt
842 1077 885 1116 seg-

108 1134 149 1170 neS,
156 1124 175 1161 et
182 1120 221 1174 qub
228 1121 355 1173 imposterum
361 1119 491 1173 vigilanh‘ores
497 1121 543 1168 sint,
549 1119 632 1171 graviter
639 1118 767 1171 reprehendit,
774 1119 885 1172 eisdemque

108 1189 173 1227 peenas
182 1176 302 1229 pecuniarias
311 1175 389 1227 irrogat.
404 1174 619 1226 Pseudoarchiepiscopi
626 1177 708 1227 quatuor
715 1173 790 1215 damnis
800 1174 884 1222 coerciti,

108 1231 236 1283 conviciisque
253 1230 335 1283 correpti
351 1228 485 1269 Dubhliunam
502 1228 625 1278 conveniunt,
642 1228 676 1268 ubi
691 1227 786 1269 celebrato
802 1228 884 1270 concilio

108 1284 182 1325 decreta
191 1285 275 1338 Anglico
286 1298 373 1325 sermone
382 1284 403 1323 in
412 1287 524 1336 sequentem
540 1283 580 1322 fere
590 1283 704 1323 sententiam
714 1287 788 1334 cavent,
799 1287 818 1324 et
828 1283 852 1324 ad
862 1297 885 1323 ea

107 1340 204 1388 servanda,
215 1344 235 1380 et
244 1338 361 1392 exequenda,
379 1342 398 1378 et
412 1337 580 1392 pseudoepiscopis
596 1337 720 1391 suffraganeis
734 1337 854 1392 injungenda
863 1352 884 1378 se

105 1394 229 1448 jurisjurandi
238 1394 330 1447 religione
340 1393 469 1445 adstringunt.

108 1532 109 1536 ,
128 1503 251 1537 Ecclesiastici
259 1505 304 1549 regii
311 1504 394 1548 praesules
403 1502 543 1547 Archiepiscopi,
550 1507 568 1535 et
574 1502 661 1547 Episcopi
668 1503 687 1536 in
695 1502 727 1536 sub
735 1504 808 1549 quisque
816 1504 884 1538 diaecesi

105 1549 200 1582 residente.
227 1549 292 1582 Omnes
306 1560 342 1582 suae
354 1548 484 1591 jurisdictionis
496 1546 587 1580 Ecclesiae
602 1548 656 1581 semel
669 1548 730 1581 saltem
742 1550 761 1582 in
769 1560 814 1582 anno
823 1561 854 1593 per
866 1561 885 1583 se

104 1594 175 1626 visunto
182 1607 187 1635 3
196 1594 275 1637 regulas,
283 1598 336 1638 atque
351 1593 455 1632 sanctiones,
463 1598 508 1636 ‘quae
516 1592 539 1625 ad
546 1596 636 1625 sectarum
643 1594 795 1637 propagationem,
804 1594 885 1639 Papista·

103 1649 178 1682 rumque
187 1638 324 1682 extirpationem
332 1638 431 1671 conducere
439 1638 540 1676 videantur,
548 1637 681 1671 constituentes.

127 1683 192 1716 Nullus
202 1683 221 1715 in
229 1683 289 1716 album
296 1683 424 1722 ministrorum,
432 1683 466 1716 nisi
474 1683 504 1727 qui
511 1682 584 1727 proregi
591 1683 683 1726 probetur,
692 1687 710 1716 et
718 1683 740 1716 ab
749 1684 810 1718 eodem
818 1685 884 1719 instru-

103 1733 182 1761 mentum
189 1728 281 1772 publicum
288 1728 351 1762 habeat
359 1728 409 1771 regio
417 1727 467 1772 signo
476 1727 617 1767 corroboratum,
626 1728 747 1772 adscribitor.ll
871 1741 872 1744 ¹
892 1737 951 1780 [222⁴]

127 1773 277 1817 Praesules,atque
282 1772 483 1816 ministrijuramentum
489 1772 534 1817 regii
538 1772 649 1816 principatus
655 1773 673 1806 in
679 1773 877 1818 ecclesia,parochianis,

103 1821 121 1850 et
130 1818 214 1861 subjectis
222 1818 258 1851 suis
267 1818 366 1851 deferunto.
723 1837 724 1840 =

127 1862 223 1907 (latalogus
233 1873 301 1904 eorum,
315 1863 345 1906 qui
355 1861 477 1905 juramentum
491 1862 525 1895 hoc
536 1866 621 1905 praestare
634 1863 760 1902 recusaverint,
769 1864 799 1908 qui
810 1865 876 1898 nostris

102 1908 215 1948 caeremoniis,
224 1917 242 1939 er
250 1907 326 1940 ecclesiis
333 1918 370 1940 non
377 1905 497 1945 interfuerint,
512 1907 541 1951 qui
555 1908 656 1940 sacerdotes
665 1907 746 1951 Papistas
757 1910 875 1952 protexerint,
892 1940 894 1944 .

102 1952 132 1995 qui
140 1964 171 1997 per
179 1952 228 1992 alios,
238 1962 290 1995 quam
303 1963 335 1995 per
348 1950 438 1984 ministros
450 1951 527 1984 infantes
539 1962 579 1984 suos
593 1951 686 1996 baptizari,
694 1953 796 1987 mortuosve
804 1955 875 1998 sepeliri

101 1997 182 2036 fecerint,
190 1997 252 2035 aliave,
265 2007 316 2041 quam
330 1995 451 2029 ministrorum
464 1996 571 2029 auctoritate
584 1997 697 2030 matrimonia
711 2000 838 2039 contraxerint,
851 2001 874 2033 ad

100 2052 194 2086 proregcm
200 2041 254 2074 tertio
263 2052 331 2085 quoque
339 2051 397 2074 mense
405 2040 488 2074 mittitor.
500 2040 523 2073 In
531 2040 604 2084 singulis
609 2041 710 2085 diaecesibus
714 2043 818 2087 graviorum
825 2044 873 2079 litte-

100 2097 161 2119 rarum
168 2086 233 2125 studia,
241 2086 260 2118 iu
267 2086 364 2119 minoribus
372 2084 440 2129 oppidis
452 2085 595 2118 rudimentorum
608 2086 672 2120 scholae
686 2087 828 2122 Protestantibus
836 2101 873 2123 ma-

100 2130 160 2174 gistris
169 2130 261 2163 habentor.
287 2130 361 2174 Templa
374 2130 500 2169 recusantium,
508 2130 527 2163 id
538 2134 565 2163 est
574 2130 713 2171 Oatholicorum,
722 2134 802 2178 expensis
816 2136 874 2168 conci-

94 2173 176 2217 'uant0r3
189 2180 208 2208 et
216 2175 235 2208 in
242 2175 278 2208 illis
287 2176 348 2209 Biblia
355 2175 374 2208 in
381 2174 472 2219 vulgarem
488 2186 586 2208 sermonem
593 2176 680 2210 translata
688 2181 732 2211 esto.
757 2178 822 2224 Itaque
832 2180 874 2213 reli-

99 2220 157 2263 gionis
165 2220 246 2265 Anglicae
254 2220 300 2254 ritus
308 2220 432 2253 inducantur*

126 2315 174 2355 Post
182 2314 224 2355 haec
231 2316 291 2369 jussa,
306 2330 364 2369 quam
377 2319 472 2366 maestum,
483 2320 502 2356 et
511 2316 621 2358 luctuosum
631 2319 762 2373 spectaculum
771 2336 858 2366 cerneres
867 2328 871 2367 l

98 2368 140 2410 Ubi
149 2370 227 2411 fuerunt
236 2368 353 2425 praescripta,
362 2370 423 2423 Angli
438 2385 460 2411 ea
477 2372 545 2425 exequi
558 2372 657 2414 festinant.
685 2374 798 2428 Lutherani,
809 2379 871 2421 Calvi-

98 2425 157 2475 niani,
167 2424 282 2478 zuinglium,
292 2426 386 2474 Puritani,
396 2426 522 2479 omniumque
535 2430 630 2468 sectarum
640 2442 736 2483 sequaces,
743 2436 872 2488 praeterquam

98 2484 169 2521 nostrae
178 2485 303 2521 sacrosanctae
312 2480 430 2529 Christianae,
446 2480 556 2530 Catholicae,
570 2483 694 2536 Apostolicae,
704 2485 797 2529 Romanae
806 2490 871 2545 religi-

98 2536 147 2585 onis,
167 2549 231 2589 gerere
250 2535 396 2576 ecclesiasticam
416 2535 565 2589 rempublicam:
589 2537 622 2578 alii
640 2553 738 2580 sacrorum
761 2544 871 2587 antistium

97 2591 181 2640 nomine,
192 2593 212 2630 et
221 2591 334 2631 auctoritate
348 2590 403 2631 ahusi
412 2591 592 2645 archiepiscopatus,
607 2597 627 2633 et
643 2595 764 2648 episcopatus
778 2598 869 2642 adminis-

97 2648 161 2687 trare:
175 2645 207 2686 alii
217 2645 250 2699 qui
260 2646 343 2686 ministri
351 2649 493 2700 nuncupantur,
503 2646 525 2686 in
533 2647 632 2688 inferiores
642 2650 729 2690 ecclesias
739 2652 793 2694 missi
803 2669 870 2698 omnes

96 2701 152 2754 regui
160 2700 221 2741 totius
230 2701 311 2754 angulos
320 2701 405 2755 implere.
432 2700 506 2741 Biblias
516 2705 617 2754 corruptae,
626 2704 762 2759 mendosaeque
777 2712 870 2754 versionis

95 2753 117 2794 iu
133 2756 232 2810 vulgarem
248 2770 354 2797 sermonem
370 2755 473 2806 traductas,
484 2760 503 2796 et
515 2755 658 2798 Catholioorum
667 2761 755 2813 expensis
765 2769 839 2818 emptas
848 2769 870 2809 in

96 2810 185 2852 omnibus
202 2811 341 2865 parochialibus
358 2810 441 2852 ecclesiis
458 2810 562 2852 collocare:
577 2811 620 2852 loca
635 2814 680 2854 inde
695 2814 816 2872 deprompta,
830 2824 870 2877 qul,

96 2864 132 2904 sua
147 2866 227 2919 quisque
243 2866 328 2916 libidine,
346 2870 365 2907 et
380 2866 458 2919 ingen-le
474 2866 538 2906 furore
554 2867 633 2920 rapitur,
643 2869 733 2917 flectere:
748 2872 773 2913 ad
781 2874 870 2920 insanam

94 2915 145 2979 hanc
160 2922 299 2975 expositionem
315 2920 434 2969 audiendam,
446 2924 465 2961 et
474 2921 545 2962 nefaria
562 2922 660 2977 sacrilegia
670 2924 750 2968 colenda
759 2927 869 2975 Catholicos

93 2975 194 3027 utriusque
204 2977 268 3026 sexus,
279 2982 298 3018 et
308 2978 445 3031 cujuscumque
462 2976 561 3030 dignitatis
571 2979 691 3033 compellere.
719 2982 791 3037 Neque
800 3002 869 3042 prorex
