2237 3535
273 380 312 418 208
399 380 533 420 o'suunuvnur
547 390 648 418 ursronnr
663 390 788 428 cnruonrom,
802 390 849 419 rou.
865 389 898 417 111.
958 376 1014 429 [1111ΙῚ
1023 389 1043 416 1.

274 497 332 546 mitti,
346 498 367 537 in
377 511 431 551 aequo
440 496 489 544 loeo,
506 494 540 535 ubi
554 499 599 543 erat,
610 494 668 548 eoepit
682 495 770 548 praeliari,
780 500 800 537 et
809 497 820 537 1
829 493 952 537 multitudine
961 495 1047 535 bostium

274 552 342 593 cedere
350 552 392 593 1000
402 554 479 592 coactus
490 550 514 590 ad
524 550 643 590 Gulielmurn
653 563 693 590 sese
708 551 781 603 recipit,
809 550 873 592 Ambo
882 564 948 591 rursus
958 549 1046 603 praelium

274 608 425 661 redintegrantes
441 610 479 645 tres
496 605 553 645 horas
568 606 633 645 hostes
650 604 711 645 secuti
728 605 796 646 arciter
813 606 910 656 dimicant,
927 605 961 646 sed
976 619 1045 658 parurn

274 663 340 702 damni
353 661 462 709 inferentes,
473 660 519 713 quia
534 660 572 700 tuit
588 660 649 700 hostis
665 659 760 712 angustiis
771 660 866 710 dimissus,
875 662 897 702 in
907 660 976 714 quibus
985 660 1045 701 Vate-

273 732 312 766 rus,
324 721 342 756 et
351 716 433 765 Thomas
443 715 490 755 totis
498 714 570 755 viribus
579 715 666 755 resistere
676 713 778 754 debebant.
807 715 902 757 Caeterum
911 717 932 757 hi
941 714 1044 756 causaban-

273 776 311 820 tur,
321 771 357 810 sibi
366 771 480 824 imperatum
496 770 561 818 luisse,
572 783 596 810 ne
610 769 746 822 praeliarentur,
762 769 823 810 donec
832 770 864 811 alii
873 786 958 825 pugnam
967 771 1044 811 inchoa-

272 830 321 874 rent,
331 825 365 865 sed
374 825 491 865 centrarium
506 825 563 864 multi
578 824 678 873 affirmant,
689 828 708 864 et
718 824 786 865 (11011111
800 824 843 865 illos
853 830 919 879 pactos
928 826 987 867 tuisse
1000 839 1045 865 oum

272 880 351 921 Esseuio
360 894 394 933 per
405 879 500 932 quendam
509 879 607 928 Tirellum,
617 894 642 919 ne
651 880 689 933 ipsi
695 878 806 919 obessent.ll
819 879 848 919 Ut
858 881 964 921 seeundum
974 880 1045 934 crimen

272 935 386 989 puniremur
401 934 470 974 Daniel
487 934 533 975 Mac
543 934 614 974 Oarrba
630 934 710 984 censuit,
721 949 760 975 uon
777 939 840 975 tamen
850 949 914 976 comes
923 936 1006 976 militurn
1016 949 1045 975 se-

272 990 375 1030 cessionem
386 990 461 1030 timens.
490 989 561 1030 Postea
575 990 616 1029 rina
632 991 674 1029 0111
683 989 766 1030 Thomas
776 989 813 1030 fuit
822 990 834 1029 1
842 989 901 1030 Petro
910 990 977 1031 Lessio
986 991 1045 1031 inter-

199 1069 201 1075 ,
271 1043 1046 1099 fectus.Utredeamusadrem3EssemusAslretiniamperrenit,iucujuscastra

271 2255 337 2288 Adare.

271 1099 365 1140 Catholici
370 1103 431 1140 noctu
440 1099 619 1152 faciuntimpetum.
634 1099 736 1139 Asketinia
745 1099 827 1140 firmiore
833 1100 922 1153 praesidio
928 1100 1002 1140 munita
1009 1100 1046 1140 Es-

271 1153 1045 1209 sexiusulteriusprogrediuouaususdieLnuaesequenteredivitperaliuditer.

272 1210 313 1250 Ubi
323 1224 347 1250 ex
361 1209 448 1250 arboreto
463 1210 520 1263 juxta
534 1208 615 1249 Finiteri
631 1211 718 1262 pagum
732 1209 793 1259 (Belle
802 1224 827 1250 an
840 1210 942 1262 Fhiniteri)
954 1210 1048 1250 Catholici

270 1268 391 1318 erumpentes
398 1264 487 1318 primum,
493 1264 591 1313 ultimum,
597 1267 617 1304 et
622 1264 685 1304 media
691 1264 768 1317 agmina
774 1264 831 1305 simul
836 1265 937 1305 invadunt.
948 1264 1046 1305 Henrious

270 1320 340 1360 Norris
350 1332 409 1373 eques
419 1323 497 1360 auratus
507 1319 589 1372 Anglus,
608 1318 709 1369 Johannis,
720 1323 739 1359 et
749 1320 828 1360 Thomae
837 1321 895 1360 frater
905 1321 926 1360 in
935 1319 1045 1360 Gathelioos

270 1389 319 1428 equo
329 1380 396 1415 vectus
413 1374 467 1415 firmo
484 1373 662 1414 bombardariorum
679 1374 755 1427 agmine
771 1375 852 1415 uallatus
867 1375 959 1428 plumbea
975 1374 1046 1428 glande

270 1430 371 1471 confossus
381 1444 430 1484 equo
440 1429 521 1472 corruit.
548 1429 588 1469 Alii
598 1443 621 1470 er
635 1429 693 1483 regiis
704 1429 768 1479 multi,
782 1434 801 1470 et
811 1445 833 1471 eu
843 1430 947 1470 Catholicis
957 1429 1046 1470 nonnulli

272 1485 416 1526 desiderantur:
432 1499 477 1525 nam
487 1484 511 1525 ab
525 1484 634 1525 1101110111
644 1491 688 1525 aute
698 1484 803 1535 meridiem,
813 1497 874 1539 usque
884 1485 908 1525 ad
918 1486 1005 1538 quintam
1012 1499 1047 1538 po-

272 1539 399 1580 meridianam
422 1539 459 1579 tuit
483 1544 597 1593 pugnatum,
615 1539 676 1579 donec
695 1539 787 1580 Essemus
805 1540 913 1591 Crumuiae‡
933 1540 1046 1581 consederit.

271 1594 330 1635 Unde
339 1608 406 1635 rursus
420 1594 499 1634 Desiam
515 1608 575 1647 usque
591 1593 707 1634 Desmonius
717 1595 804 1647 sequitur
813 1609 846 1648 per
858 1609 891 1635 sen
902 1595 942 1634 dies
951 1599 1016 1644 noctu,
1028 1599 1047 1634 et

271 1649 357 1690 interdiu
366 1648 461 1703 praehens,
471 1652 490 1689 et
498 1650 539 1702 ejus
555 1649 658 1689 exercitum
668 1651 794 1702 extenuansb
823 1650 870 1690 Post
879 1649 955 1690 Essexii
963 1650 1047 1690 reditum

272 1704 406 1745 Dubhliuuam
422 1718 455 1744 arx
465 1703 552 1744 Oathara
562 1704 573 1743 1
583 1703 596 1743 J
597 1704 646 1743 aimo
663 1703 752 1744 Buttlero
767 1704 848 1745 Batonis
857 1705 915 1745 fratre
924 1705 1046 1759 praesidiariis

270 1759 340 1812 Anglis
350 1758 424 1808 occisis,
433 1758 487 1799 brevi
500 1760 642 1811 recuperatm.ll
665 1778 671 1784 w
865 1773 866 1776 ¹

302 1814 410 1855 Secundam
420 1812 561 1866 expeditionem
571 1827 637 1853 rursus
647 1812 739 1853 Essemus
748 1813 795 1854 lacit
809 1814 830 1854 in
839 1813 977 1857 O'Goncbures
987 1815 1047 1870 lpha-

271 1869 314 1919 lios,
324 1873 343 1909 et
354 1868 461 1918 O'Morras,
472 1882 517 1908 cum
527 1867 597 1920 quibus
606 1881 674 1922 parum
681 1867 771 1922 prospere
777 1883 865 1922 pugnans
872 1870 976 1910 exereitum
983 1871 1045 1911 indies

272 1924 368 1973 minuittl
383 1923 448 1968 Quare
456 1923 478 1964 in
488 1923 594 1963 O’Nellnm
603 1923 724 1977 proiecturus
735 1938 757 1964 ex
763 1924 837 1977 Angla
846 1924 954 1965 subsidium
961 1926 1048 1979 011111.11

296 2030 304 2046 *
316 2028 349 2063 See
357 2028 393 2062 this
400 2027 456 2061 battle
468 2026 560 2061 described
567 2027 586 2060 in
593 2027 623 2060 the
632 2027 681 2061 Four
689 2027 771 2069 Martem,
779 2040 796 2073 p.
804 2028 855 2065 2117.
880 2028 899 2062 It
911 2040 946 2062 was
955 2029 1018 2074 fought
1026 2034 1045 2063 at

272 2074 349 2114 Rosver,
358 2074 376 2106 in
383 2073 413 2106 the
422 2073 482 2117 parisb
494 2073 516 2105 of
527 2072 593 2105 Adue,
618 2071 708 2116 Dymmeh,
716 2085 733 2117 p·.
743 2076 771 2107 36.
797 2073 836 2106 Our
849 2074 913 2107 author
926 2074 976 2107 alone
985 2075 1046 2108 details

271 2120 302 2152 the
310 2118 483 2163 misunderstanding
492 2117 528 2150 aud
536 2117 640 2150 dissensions
648 2117 727 2151 between
733 2118 763 2152 the
772 2118 820 2151 Irish
827 2118 900 2151 leaders.
926 2118 1047 2161 Glanrichard,

272 2163 317 2198 after
325 2164 403 2207 maeting
411 2163 442 2196 the
450 2163 496 2196 Earl
508 2165 527 2195 at
535 2161 630 2203 Limericlr,
638 2162 673 2195 bad
680 2164 765 2197 returned
774 2168 793 2196 to
803 2163 914 2207 Gonnaught.

293 2211 303 2251 1
315 2208 405 2253 Dymmok,
410 2220 428 2253 p.
437 2210 464 2241 36.
490 2208 539 2241 Fcnr
551 2207 634 2248 masters,
643 2218 660 2251 p.
669 2209 721 2242 alra.
745 2208 879 2247 Finiterstown,
887 2208 906 2241 in
917 2208 947 2241 the
959 2209 1019 2253 parish
1028 2210 1049 2243 of

318 2299 384 2332 Uroom
393 2297 457 2332 Oastle.

294 2301 361 2386 1110111Ί
375 2343 457 2384 Martem,
471 2353 489 2387 p.
504 2343 555 2375 2119.
581 2341 670 2385 Dymmolr,
678 2354 694 2386 p.
703 2342 730 2380 37.
755 2343 795 2376 The
808 2342 923 2377 latternever·
936 2344 999 2377 admits
1007 2345 1047 2378 that

271 2389 329 2422 Essex
343 2389 421 2422 suffered
435 2387 501 2421 serious
515 2387 556 2426 loss,
564 2386 639 2431 though,
647 2388 697 2420 when
705 2389 735 2422 the
744 2386 844 2431 expedition
852 2389 937 2422 returned
945 2394 963 2422 to
972 2389 1047 2429 Dublin,

271 2438 291 2468 at
298 2435 328 2468 the
336 2434 371 2468 end
379 2433 400 2466 of
406 2433 454 2476 July,
462 2433 510 2465 “the
519 2431 593 2466 soldiers
604 2443 651 2466 were
659 2432 741 2472 wearied,
749 2432 811 2477 sickly‚
819 2434 853 2466 and
860 2434 906 2466 their
914 2434 989 2467 number
997 2446 1047 2468 more

271 2480 314 2512 than
322 2490 333 2512 a
340 2490 381 2512 man
390 2478 443 2511 could
451 2477 522 2517 believe,
531 2476 755 2511 diminished.”-.0amdea.

296 2526 302 2567 ll
315 2524 353 2558 Not
361 2522 407 2557 until
416 2524 464 2567 May,
475 2524 525 2555 1600.
549 2522 635 2556 Hibernia
643 2522 718 2561 Pacata,
726 2522 761 2556 vol.
769 2521 781 2555 i.
790 2533 807 2566 p.
816 2522 827 2558 'r'
828 2524 844 2556 6,

295 2571 310 2612 tl
321 2568 412 2613 Dymmolr,
419 2579 437 2612 p.
445 2569 473 2600 42.

295 2615 311 2631 ¹¹*
319 2614 338 2647 N
339 2614 395 2648 either
402 2614 433 2646 the
439 2613 487 2645 Four
492 2613 518 2646 M
517 2616 571 2646 astera
579 2623 612 2645 nor
620 2623 654 2646 our
660 2612 725 2645 author
734 2611 813 2645 mention
821 2612 849 2646 the
857 2623 928 2647 reverse
937 2612 958 2646 of
963 2613 1021 2647 Esses
1028 2614 1048 2647 in

272 2658 365 2693 Wiohlow.
389 2657 479 2702 qumct,
487 2669 504 2701 p.
514 2659 543 2690 41.
569 2657 587 2690 It
600 2657 614 2690 is
627 2658 658 2690 the
666 2667 714 2690 same
722 2668 741 2691 as
748 2657 788 2691 that
797 2657 888 2692 described
895 2658 918 2703 by
927 2657 1046 2704 Lombard,p.

271 2704 312 2744 417,
320 2705 360 2738 who
368 2703 445 2737 mistook
453 2702 483 2737 me
491 2713 543 2737 scene
550 2702 570 2736 of
575 2702 606 2735 the
614 2703 680 2736 aetion.
