2237 3535
206 381 234 420 34
348 382 481 423 c’sunnnrnur
496 393 599 423 ursacium
614 395 738 435 cnuncnrcn,
753 399 802 427 ron.
818 399 832 426 1.
889 386 938 439 [urs.
949 399 983 426 111.

152 489 252 532 [33·]haec
266 491 363 545 primitiva
375 492 383 544 Η
396 495 415 530 et
430 491 533 532 derivativa
552 492 631 533 nomina
656 494 752 549 principio
771 510 806 537 suc
831 495 984 549 distinguuntur.

207 546 240 587 Ita
250 546 373 588 O’Phelanus
389 548 408 585 et
424 545 470 586 Mac
479 546 561 600 Engusa
576 563 587 589 a
603 547 690 589 Phelano
706 555 726 590 et
742 550 824 606 Engusa
840 551 984 605 disjunguntur,

207 606 275 651 contra
294 616 315 642 ac
331 600 453 649 Latinorum,
473 601 626 657 Graecorumque
644 605 764 646 consuetudo
782 607 827 657 fert,
846 606 942 660 primitiva
965 611 985 646 et

208 657 311 698 derivativa
329 655 409 696 nomina
422 655 499 710 syllabis
523 657 597 699 ultimis
613 658 735 709 dissentiunt,
754 665 777 702 ut
795 662 875 712 AEneas,
889 661 984 711 Priamus,

208 712 319 766 Neptunus,
329 710 375 751 inde
384 710 488 762 AEneades,
499 712 612 763 Priamides,
622 713 742 767 Neptunine.

534 1024 593 1066 CAR
615 1025 656 1066 ΙΠ.

322 1141 428 1173 lberncrum
436 1139 524 1183 principes
533 1140 560 1173 vel
568 1140 616 1173 tituli
624 1145 655 1173 aut
664 1140 759 1185 dignitates
771 1144 870 1177 saculares.

207 1244 284 1285 Srverc
302 1256 368 1284 eorum
384 1242 485 1282 nominum
500 1241 660 1296 significationem
677 1246 750 1296 spectes
765 1245 805 1297 jam
822 1244 895 1284 involet
909 1258 985 1284 cacon-

206 1298 289 1340 suetudc
299 1299 358 1351 longa
367 1297 484 1338 saeculorum
500 1298 549 1338 serie
564 1297 662 1347 inviolata,
672 1302 695 1338 ut
708 1298 742 1338 illa
753 1299 833 1340 nomina
846 1298 936 1353 pleraque
946 1299 986 1339 sint

207 1354 306 1407 dignitatis
316 1359 335 1394 et
345 1353 430 1403 honoris,
440 1352 497 1393 modo
507 1352 549 1393 sine
565 1353 686 1407 praenomine
699 1353 827 1407 proferantur,
837 1355 902 1395 necin
911 1355 986 1394 minero

206 1410 268 1463 pretio
286 1423 344 1463 quam
360 1408 413 1462 apud
429 1407 475 1449 alias
489 1414 563 1461 gentes,
577 1408 646 1457 Ducis,
661 1408 787 1459 Marchicnis,
803 1410 891 1459 Comitis,
905 1409 985 1450 Viccco-

206 1465 259 1505 mitis
279 1469 299 1505 et
313 1464 396 1505 Barouis
413 1463 472 1512 t'tuli‚
488 1464 643 1517 familiarumque
658 1466 678 1503 ct
692 1464 809 1518 populorum
827 1464 947 1519 principibus
961 1465 986 1505 ad

207 1520 302 1560 dicantur.
331 1519 402 1572 Itaque
412 1518 548 1559 O’Sullevanee
557 1518 637 1559 familiae
647 1523 705 1572 caput
718 1523 737 1559 et
746 1520 836 1574 princeps
846 1519 986 1560 &Sullevanus

206 1579 226 1615 et
236 1575 282 1615 Mac
292 1575 386 1624 Suinuiae,
397 1573 443 1614 Mac
453 1573 546 1614 Suinnius
554 1577 685 1627 nuncupatur.
700 1574 771 1615 (laeteri
780 1576 825 1615 verb
834 1574 987 1629 praenominibus

205 1630 316 1684 praepositis
338 1630 496 1682 pronuntiamur,
515 1633 539 1669 ut
561 1628 670 1683 Phidippus
690 1629 837 1680 O'Sullevanus,
865 1629 986 1671 Domnaldus

205 1685 252 1726 Mac
262 1684 361 1733 Summus,
373 1684 406 1738 qui
422 1697 463 1723 non
480 1698 547 1724 eorum
563 1684 680 1724 familiarum
695 1684 791 1739 principes
807 1686 841 1725 sed
856 1685 931 1725 exiliis
948 1685 986 1725 orti

205 1744 258 1782 sunt.
287 1740 317 1781 Ac
331 1739 411 1780 fuerunt
427 1739 449 1778 in
464 1738 543 1779 Ibernia
558 1739 636 1791 quidem
651 1743 671 1779 et
688 1739 753 1780 scotia
769 1740 903 1793 hujuscemodi
920 1739 985 1789 multi,

204 1794 359 1848 nobilissimique
382 1796 487 1846 magnates
512 1797 535 1834 ut
555 1793 657 1844 O’Nellus,
677 1793 818 1845 O’Donnellus,
838 1795 985 1843 O’Sullevanus

206 1850 328 1899 O'Ocncbm,
339 1849 462 1898 O’Ruarlrus,
480 1848 579 1898 O'Mcrra,
595 1849 641 1890 Mac
657 1849 735 1899 Carrha,
753 1850 799 1891 Mac
816 1850 928 1900 Diarmuda,
938 1850 985 1890 Mac

205 1905 293 1959 Engusa,
303 1905 349 1945 Mac
362 1904 478 1954 Dcnnellus,
488 1904 535 1945 lllac
544 1904 630 1954 Calinus,
640 1908 659 1945 et
677 1904 708 1945 alii
724 1918 772 1958 quos
781 1906 853 1960 partim
866 1905 946 1945 inferius
955 1919 984 1944 re-

206 1959 294 2001 censebo.
319 1959 349 2000 Hi
358 1959 435 2000 Ibernis
445 1962 464 1999 et
474 1959 537 2000 Scotis
546 1959 627 2009 uternae,
637 1959 759 2015 appellantur
768 1959 836 2001 eadem
844 1959 985 2014 significatione

205 2029 243 2069 qua
259 2015 296 2056 viri
311 2014 402 2064 illustres,
420 2014 443 2055 ab
460 2014 553 2068 Hispanis
570 2018 589 2054 et
606 2014 661 2055 Italis
679 2015 835 2056 “illustrissimae
854 2014 954 2065 senona?
965 2019 984 2054 et

205 2075 219 2093 “
225 2070 345 2112 excellentiae
351 2070 371 2120 ;’'
389 2069 412 2110 ab
422 2069 499 2123 Augus,
518 2069 627 2119 “bordes''
644 2085 655 2110 a
673 2074 747 2111 nostrae
769 2071 891 2124 tempestatis
909 2069 984 2110 Latinis

205 2124 479 2166 “Dcmiuationesillustres”
499 2128 518 2165 et
536 2124 705 2166 “illustrissimae”
730 2125 801 2179 atque”
825 2124 983 2166 “excellentiae”

204 2184 349 2235 nuncupantur.

536 2439 594 2479 OAP.
609 2438 646 2479 IV.

205 2552 310 2586 lbornorum
318 2551 423 2593 magnatum
431 2544 552 2590 inauguratio,
561 2547 578 2576 et
592 2542 640 2620 ppud
654 2552 684 2575 ecs
698 2551 735 2575 esse
749 2551 803 2574 novos
817 2540 891 2574 aliarum
903 2540 982 2584 gentium

557 2589 593 2622 titu
601 2599 625 2620 cs.

203 2697 370 2737 Inuueunnurun
385 2707 429 2733 vero
446 2690 513 2732 lberni
528 2689 637 2743 optimates,
654 2688 685 2728 vel
701 2688 733 2728 alii
748 2688 771 2729 ab
789 2688 837 2738 aliis,
852 2687 883 2728 vel
899 2686 922 2727 ab
936 2686 982 2736 iHis,

204 2751 275 2806 quibus
284 2763 336 2790 mone
345 2749 439 2802 majorum
450 2751 478 2787 est
487 2744 613 2787 consecrandi
622 2743 702 2784 facultas
712 2743 762 2784 data.
786 2744 820 2784 Ad
826 2743 879 2797 quod
887 2742 908 2782 in
916 2742 981 2783 locum

203 2805 349 2858 inauguratione
365 2804 493 2845 constitutum
524 2800 648 2848 conveniunt,
679 2798 741 2852 longis
755 2799 857 2840 hominum
872 2797 981 2850 agminibus

204 2865 223 2902 et
233 2860 314 2901 solemni
322 2873 393 2913 pompa
403 2858 495 2900 comitati.
511 2856 544 2897 lbi
553 2856 651 2896 intersunt
658 2853 738 2908 judices,
749 2855 783 2909 qui
793 2855 826 2894 cui
835 2852 981 2896 candidatorum

203 2915 323 2971 principatus
342 2914 438 2962 debeatur,
457 2927 480 2953 en
493 2913 537 2965 jum
553 2910 668 2965 legibusque
682 2910 817 2963 pronuncient.
847 2908 896 2948 Mox
915 2922 980 2948 conse-

203 2971 270 3014 crandi
285 2970 348 3023 J'urare
359 2972 570 3022 coguntur,nunquam
588 2980 607 3006 sc
623 2968 689 3006 contra
705 2965 762 3007 fidem
778 2964 897 3006 Catholicam
907 2963 979 3018 aliquid
