2237 3535
72 366 115 393 cnr.
130 351 170 403 nn]
266 364 293 391 nr
307 363 371 391 uerno
386 362 504 394 onrnnncnr
518 360 627 388 auronum.
805 348 844 386 251

71 464 143 514 aliquot
152 459 271 514 fugientibus
281 461 377 514 suppetias
387 461 502 508 venientem,
513 458 546 511 qui
561 458 600 497 unat
614 470 658 495 curn
673 455 710 494 illis
720 456 740 495 in
752 456 845 495 Acharem

71 516 170 558 castellnm
179 530 199 556 se
208 516 281 570 recipit.
309 516 363 556 Dum
372 516 409 557 hoc
419 515 494 563 accidit,
501 512 569 553 Malbii
576 510 710 559 bombardarii,
721 514 740 549 et
750 511 845 550 tumultus

71 586 142 620 eorum,
153 571 186 623 qui
196 570 337 612 Catholicorum
346 585 416 625 agmen
425 572 527 622 sequentes
537 571 599 607 totam
608 566 659 605 diem
669 565 712 605 teh's
722 564 844 613 infestabant,

71 625 194 667 O'Sullevani
209 626 350 680 impedimentis
367 625 479 680 diripiendis
496 626 620 676 occupantur,
637 624 656 660 et
671 620 710 660 acie
727 621 780 673 regia
796 621 845 668 fust,

70 682 117 734 fugat
126 681 182 720 etiam
192 681 272 722 salutem
282 685 356 735 petunt.
385 682 411 722 In
420 694 486 734 pugna
495 678 544 731 regii
553 677 627 717 circiter
637 679 715 715 centum
729 675 844 724 ceciderunt,

71 736 169 789 copiarum
184 736 225 785 flos,
241 736 325 777 ltlalbins
342 737 451 789 imperator,
469 732 576 775 Richardns
593 731 679 779 Burkus,
697 730 783 783 signiferi
799 734 844 779 tres,

68 790 149 831 totidem
160 791 269 832 cohortium
278 791 378 839 tesserarii,
393 791 457 845 plures
473 787 615 842 mrnipulorum
626 786 721 834 ductores,
732 785 797 825 caeteri
805 785 844 825 tere

70 846 143 898 equites
154 845 226 895 Iberni,
236 846 382 900 Anglo-Iberni,
403 850 422 886 et
435 844 503 898 Angli.
532 843 621 883 Victores
634 840 786 895 quatuordecim,
797 853 844 893 quos

70 901 180 950 memoravi,
199 901 347 942 succubuerunt.
377 900 516 941 O’Sullevanus
536 899 599 947 armis,
617 901 637 937 et
656 895 765 949 insignibus
784 895 844 935 hostis

70 955 154 996 collectis
164 970 186 996 eo
196 971 278 1010 vespere,
289 960 308 997 et
317 959 374 996 nocte
388 958 480 1009 sequente
490 955 562 995 circum
571 952 674 992 fluentium
683 951 770 991 hostium
779 950 844 990 multi-

70 1010 158 1051 tudinem
167 1011 243 1065 fugiens
252 1026 286 1065 per
296 1010 395 1051 O'Keallae
404 1011 451 1051 fines
461 1013 515 1050 tauta
525 1008 620 1049 celeritate
630 1007 696 1055 fertur,
707 1009 730 1045 ut
740 1005 843 1046 nonnullos

69 1065 139 1106 milites
149 1066 170 1106 in
179 1066 247 1106 itinere
256 1067 321 1115 lassos,
332 1069 352 1106 et
361 1079 428 1105 somno
437 1079 512 1118 pressos
521 1063 641 1116 reliquerint

383 1335 441 1375 CAP.
456 1335 495 1375 XI.

273 1473 327 1505 Bidui
335 1473 424 1516 sequentis
432 1484 514 1506 aerumnae
522 1477 634 1516 repetuntur.

67 1593 160 1633 Posrnno
177 1592 207 1632 die
222 1591 259 1631 sub
275 1606 362 1632 auroram
376 1592 432 1632 Divae
446 1591 515 1632 Mariae
524 1596 590 1631 monte
601 1589 678 1644 (Sliebh
688 1589 776 1640 Muire)†
787 1602 841 1641 snpe-

67 1651 115 1696 rato,
126 1646 266 1687 O'Sullevanns
283 1661 326 1687 cum
336 1648 417 1700 propius
433 1647 457 1687 ad
473 1661 533 1700 pagos
544 1646 660 1695 accessisset,
673 1644 783 1698 Anglornm
792 1647 840 1697 tym-

67 1702 123 1756 panis
132 1702 218 1755 pulsatis,
230 1707 249 1742 et
258 1701 367 1756 insignibus
376 1702 463 1751 ostensis,
475 1715 517 1754 quae
527 1701 615 1741 hostibus
626 1700 650 1741 ad
659 1700 755 1740 Achatem
765 1712 841 1751 supera-

67 1759 93 1797 tis
103 1758 160 1810 cepit,
171 1771 215 1797 suos
224 1757 294 1797 milites
304 1757 372 1809 regios,
383 1761 403 1797 et
412 1756 527 1810 Anglienses
537 1752 624 1805 simulat,
633 1770 657 1796 ne
665 1754 688 1795 ab
695 1754 764 1795 incolis
771 1753 842 1793 cibaria

69 1811 187 1852 occulantur.
217 1811 267 1855 Qua
283 1817 347 1852 tamen
362 1825 392 1851 ars
407 1811 436 1851 illi
445 1811 525 1851 minime
535 1811 620 1864 proluit:
636 1823 718 1862 namque
728 1807 840 1862 pecudibus,

68 1871 88 1907 et
104 1867 194 1907 armentis
211 1867 286 1915 amotis,
302 1866 351 1914 cibe,
368 1871 455 1918 potuque
470 1865 587 1914 abscondito,
598 1865 630 1905 vel
643 1865 664 1905 in
674 1864 751 1905 castella
760 1862 838 1913 related!
850 1862 908 1905 [let]

69 1921 182 1962 MacDavid
189 1935 283 1974 pagorum
293 1920 382 1960 dominus
392 1934 462 1974 magno
472 1920 572 1960 hominnm
581 1934 668 1968 numero,
676 1919 709 1959 sed
714 1917 782 1971 majori
788 1921 842 1971 parte

68 1977 137 2016 inermi
153 1976 234 2016 conflato
252 1989 296 2015 cum
312 1974 416 2015 missilibus
433 1976 507 2015 eminus
520 1975 575 2028 petit,
586 1978 628 2014 toto
639 1974 670 2014 die
679 1974 748 2014 infeste
757 1976 841 2021 secutus,

68 2030 111 2071 cibo
121 2030 229 2084 prohibens.
259 2029 397 2069 O’Sullevanus
407 2030 427 2069 iu
438 2029 533 2083 Ophlinni
550 2032 640 2077 montem,
653 2028 727 2081 (Shebh
737 2027 841 2081 Iphlinn)‡

69 2086 131 2139 sylvas
147 2085 213 2125 densas
231 2099 251 2124 se
270 2084 368 2137 vespetino
385 2084 496 2137 crepusculo
513 2083 573 2124 abdit.
607 2083 649 2124 Ubi
664 2083 743 2137 ignibus
758 2081 842 2122 accensis

68 2140 138 2180 milites
154 2143 245 2192 perpetua
261 2139 380 2193 superiorum
394 2139 481 2179 noctium
498 2139 568 2192 vigilia,
578 2139 695 2192 ingenteque
704 2137 769 2178 labore
779 2137 843 2177 vexati

68 2195 118 2234 lassa
134 2208 213 2247 corpora
230 2195 290 2247 quieti
304 2193 377 2234 tradere
392 2194 425 2234 vir
441 2197 544 2247 caeperunt,
555 2208 599 2234 cum
613 2194 691 2247 qrndam
706 2193 730 2233 ad
739 2207 772 2232 eos
782 2192 841 2240 venit,

72 2249 185 2289 nunciatum
195 2248 264 2289 accolis
274 2248 405 2298 deliberatum,
415 2252 472 2301 atque
485 2249 546 2288 tirum
555 2263 602 2298 esse,
613 2263 645 2288 eos
655 2262 730 2288 summo
739 2246 796 2287 mane
806 2246 842 2286 cir-

68 2303 182 2352 cumvenire,
200 2308 219 2343 et
235 2304 303 2344 delere.
332 2302 462 2347 Quamobrem
477 2303 580 2357 majoribus
599 2303 683 2356 ignibus,
693 2302 773 2357 perinde
790 2301 842 2341 acsi

69 2357 158 2398 adessent
167 2372 239 2408 omnes,
246 2358 335 2407 accensis,
345 2357 383 2398 citb
394 2358 500 2408 discedunt,
518 2359 606 2412 ingentes
615 2358 689 2399 labores
698 2361 776 2411 propter
785 2357 842 2396 itine-

68 2414 100 2461 ris,
109 2416 166 2466 atque
175 2414 266 2467 temporis
275 2412 450 2453 incommoditatem
459 2414 593 2466 perpetientes.
609 2413 642 2453 Ita
651 2413 717 2467 pluvi-t
726 2413 841 2460 obruuntur,

68 2473 91 2507 ut
101 2482 139 2521 pree
154 2468 247 2521 gravitate
262 2469 294 2508 vir
309 2467 385 2508 madida
400 2468 513 2508 vestimenta
530 2469 649 2508 sustineant:
664 2469 685 2508 in
698 2468 757 2508 altam
770 2467 841 2516 nivem,

91 2604 99 2620 *
111 2603 178 2636 Pacata
193 2602 286 2643 Hibernia,
300 2615 316 2647 p.
326 2605 366 2643 659,
380 2604 443 2637 admits
462 2604 498 2637 this
512 2605 581 2649 victory
595 2606 631 2638 and
644 2606 674 2638 the
688 2606 722 2638 loss
735 2606 756 2639 of
772 2606 840 2650 Malby.

70 2648 109 2681 The
117 2649 223 2693 phlegmatic
232 2648 282 2682 Four
292 2648 368 2682 Masters
376 2649 486 2682 exclaim-“
492 2649 510 2682 It
524 2650 538 2682 is
547 2650 625 2693 scarcely
633 2651 842 2694 nedihle‘thaqrhe‘nke

69 2693 143 2726 number
158 2694 178 2727 of
187 2694 252 2733 forces,
266 2694 346 2739 fatigued
359 2694 406 2727 from
419 2694 461 2738 long
475 2695 574 2739 marching,
587 2695 623 2727 and
638 2695 707 2740 coming
715 2696 753 2728 into
761 2696 792 2729 the
800 2708 843 2740 very

70 2742 130 2771 centro
139 2739 160 2772 of
169 2739 215 2772 their
224 2739 305 2778 enemies,
314 2751 354 2772 ever
362 2739 423 2773 before
431 2739 514 2772 achieved
522 2740 565 2772 such
579 2751 590 2772 a
598 2740 666 2784 victory
674 2740 692 2773 in
701 2740 774 2774 defense
782 2741 803 2775 of
812 2742 843 2775 life

69 2783 104 2815 and
111 2794 183 2818 renown
191 2795 210 2817 as
217 2784 260 2829 they
268 2785 351 2818 achieved
358 2796 381 2817 on
389 2785 428 2817 that
436 2784 474 2828 day.
478 2785 527 2828 ’'-p.
537 2786 587 2817 2319.

91 2827 110 2903 'pl
117 2829 182 2862 Mount
190 2830 249 2874 Many,
257 2841 300 2863 near
317 2829 377 2863 Gastle
392 2829 493 2873 Kelly.-p.
502 2831 553 2863 2316.
576 2829 615 2863 The
630 2830 680 2863 Four
693 2831 772 2865 ltlasters
785 2833 844 2866 desert

70 2881 90 2903 us
111 2884 146 2906 ere.

93 2916 102 2956 t
115 2917 164 2951 Near
173 2919 293 2964 Ballinlongh
302 2920 319 2953 in
327 2920 356 2953 the
365 2923 408 2953 west
416 2919 436 2953 of
446 2919 614 2966 mammon-p.
625 2922 676 2954 9316.
