2237 3535
269 418 310 457 190
404 419 536 460 o'suncnvunr
551 432 652 460 nrsronra
668 434 792 471 carnotina,
808 434 855 462 rou.
866 434 899 461 111.
956 420 1006 473 [nra.
1017 434 1046 462 iv.

268 529 385 570 subveniens
394 529 473 583 pavidos
480 528 593 581 recepisset:
609 529 642 582 qui
651 542 671 568 rc
680 529 753 570 intecta
763 530 774 569 a
783 531 836 572 Lisia
843 531 934 572 discessit.
964 530 1046 572 Bernar-

269 584 306 625 dus
322 586 373 625 intra
389 584 512 637 quatriduum
521 583 601 624 vulnere
611 584 697 624 moritur.
726 584 786 625 Cuius
797 586 852 627 obitu
861 591 902 627 tota
910 586 997 641 Lageuiu
1006 601 1046 626 non

269 654 340 694 magno
350 639 429 692 negocio
439 638 508 678 luisset
516 638 598 679 forsitan
607 639 699 692 pacanda,
705 638 743 678 nisi
753 639 832 681 Huonis
839 641 934 683 O'Morrae
941 655 1045 695 peroppor-

269 700 329 736 tunus
348 693 441 734 adventus
460 694 580 747 conspiratos
599 694 735 734 confirmasset.
771 694 817 738 Quo
836 701 921 750 tempore
941 696 1002 738 Huon
1021 696 1045 737 ab

269 749 353 790 O’Nello
363 748 440 800 petebat
449 748 548 798 auxilium,
560 749 612 802 apud
620 749 674 789 illum
693 752 740 797 erat,
751 748 878 802 Rapmundus
888 752 967 793 Burkus
976 751 1046 792 Lietri-

268 819 305 845 mae
323 804 374 844 Baro
399 802 553 857 possessionibus
579 803 644 844 orbus.
684 802 854 848 Quemadmodum
880 808 931 847 enim
958 806 1044 860 superius

268 858 446 906 demonstravimus,
458 857 472 897 J
473 859 558 898 ohannes
567 858 646 899 Burhus
661 858 707 898 Liet
721 872 758 898 mee
766 858 818 899 Baro
830 859 853 899 ab
863 860 930 915 Ulligo
940 862 999 902 tratre
1009 875 1044 901 suo

267 912 377 966 Anglorum
393 913 488 966 permissu
504 914 567 954 suerat
577 913 650 954 occisus
659 913 774 966 Raymundo
784 913 824 954 filio
834 915 933 968 impubere
942 917 1015 965 relicto,
1026 920 1045 956 et

267 970 371 1009 baronatus
380 968 520 1009 administratio
535 969 609 1021 reginae
623 968 733 1022 abjudicata
743 968 858 1018 eonomine,
870 971 921 1023 qnbd
935 972 1045 1026 Anglorum

266 1023 357 1065 instituto
367 1038 424 1077 penes
435 1037 500 1076 regem
509 1023 559 1064 solet
568 1037 609 1063 esse
618 1024 679 1064 tutela
686 1023 781 1064 nobilium
791 1027 848 1063 aetate
857 1026 961 1066 minorum.
983 1026 1045 1067 Baro-

267 1083 325 1120 natus
335 1083 399 1119 autem
409 1078 594 1119 administrationem
603 1078 670 1132 regina
679 1079 731 1119 dono
742 1078 794 1118 dedit
812 1078 905 1120 Phintoni
914 1081 981 1134 Anglo
990 1081 1044 1121 lber-

202 1133 260 1178 [iah]
267 1134 305 1175 niae
315 1133 390 1175 consilii
400 1134 518 1186 secretario,ll
530 1134 542 1174 a
552 1147 592 1187 quo
601 1133 653 1174 illam
662 1134 745 1187 pecunia
761 1134 807 1174 emit
817 1133 888 1188 Uligus
902 1134 1044 1176 Clanrichardae

267 1203 331 1230 comes
341 1188 542 1243 Raymundipatruus
550 1194 570 1229 et
580 1188 607 1229 ita
616 1189 636 1229 in
645 1190 785 1243 possessionem
796 1189 871 1238 missus,
882 1188 1003 1243 Raymundo,
1010 1191 1044 1244 qui

263 1246 304 1299 jain
313 1258 348 1298 per
357 1248 433 1284 aetatem
449 1243 511 1284 tutela
527 1244 605 1293 exierat,
615 1244 735 1284 Barouatum
749 1244 849 1284 restituere
860 1244 964 1286 differebat.
992 1246 1044 1299 Ray-

264 1300 350 1340 muudus
368 1299 443 1340 intenta
458 1299 493 1339 lite
508 1298 564 1340 illum
585 1299 699 1353 Anglarem,
724 1302 743 1339 et
758 1299 831 1352 reginae
847 1299 919 1352 judicio
940 1302 1042 1355 superavit.

264 1354 367 1404 Caeterum,
377 1355 422 1408 quia
433 1354 468 1394 sub
476 1354 512 1395 hoc
519 1354 672 1408 tempusbellum
679 1352 787 1404 exardebat,
798 1354 909 1408 priusquam
916 1355 1043 1409 Raymundus

264 1410 305 1451 fuit
318 1411 439 1463 possessione
454 1410 533 1463 potitus,
544 1410 650 1450 omiserunt
666 1409 727 1463 Angli
741 1409 856 1449 sententiam
871 1424 924 1450 suam
935 1411 1052 1451 executionis

265 1465 362 1514 mandare,
372 1479 396 1505 ne
407 1464 482 1505 comitis
498 1465 534 1505 viri
548 1465 633 1519 potentis
648 1465 697 1505 iram
712 1468 753 1505 tam
767 1464 874 1517 periculoso
889 1465 1043 1519 temporelaces-

266 1524 337 1560 serent.
366 1520 442 1560 idcirco
459 1519 586 1573 Raymundus
603 1519 682 1560 O'Nelli
699 1534 754 1572 opem
771 1519 886 1573 implorabat
901 1520 926 1561 ad
942 1525 1042 1575 paternam

266 1575 397 1616 haereditatem
412 1575 568 1628 recuperandam,
599 1573 693 1615 O'Nellus
710 1575 786 1615 Tirouae
806 1574 930 1616 defendendae
948 1576 1041 1625 intentus,

267 1631 312 1683 quia
327 1630 426 1670 differebat
442 1629 541 1679 currilium,
552 1643 606 1682 spem
614 1633 691 1670 tantum
705 1628 798 1683 praebens,
813 1629 939 1683 Raymundus
948 1631 988 1670 una
998 1645 1042 1671 cum

266 1685 339 1725 Huone
349 1685 370 1724 in
378 1684 486 1738 Laganiam
502 1685 635 1738 proficiscitur,
645 1699 667 1725 ao
677 1685 736 1724 etiam
750 1685 862 1738 Dermytius
874 1684 1004 1726 0³00n0hurr
1013 1686 1042 1726 uir

264 1740 339 1781 nobiles
349 1753 372 1779 er
381 1739 500 1788 Conuachta,
517 1754 565 1792 quos
580 1753 646 1779 omnes
661 1739 821 1792 Gonnachti,‘qui
836 1738 906 1779 finibus
922 1740 974 1793 pulsi
990 1740 1041 1793 apud

264 1794 370 1836 (YNellnm
384 1794 473 1848 agebant,
490 1798 604 1847 sequuntur.
633 1793 742 1835 Richardus
751 1795 808 1835 etiam
825 1794 911 1842 Tirellus,
922 1795 978 1848 eujus
987 1809 1040 1836 men·

263 1851 337 1890 tionem
346 1850 433 1899 fecimus,
443 1849 467 1889 ab
478 1848 550 1889 Huone
567 1848 687 1898 conducitur,
699 1849 822 1902 quibuscum
833 1848 893 1889 Huon
902 1849 975 1890 Lisiam
987 1851 1041 1891 uenit

264 1905 331 1945 eodem
342 1905 378 1955 die,
390 1919 428 1958 quo
437 1904 547 1945 Bernartius
558 1918 603 1944 cnm
618 1904 707 1944 hostibus
718 1905 818 1958 pugnavit,
828 1904 862 1944 sed
871 1918 905 1945 nec
915 1919 1001 1959 pugnam
1011 1905 1040 1946 in-

263 1965 345 2014 tegram,
355 1974 390 2001 nec
400 1959 517 2000 [limonium
526 1960 538 1999 a
547 1959 601 1999 Lisia
611 1959 740 2000 discedentem
750 1960 815 2013 potuit
825 1960 904 2012 assequi.

530 2127 780 2133 ..-—.--—--———..

596 2259 653 2300 OAP.
667 2260 694 2299 V.

263 2411 359 2450 Catholici,
372 2410 452 2455 regiique
465 2410 553 2454 publicam
568 2419 645 2453 pugnam
659 2407 763 2441 acerrimam
777 2408 820 2441 totis
836 2408 901 2443 viribus
917 2410 1047 2444 committunt

296 2456 366 2502 Bagnal
374 2456 474 2500 perimitur.
498 2454 602 2489 Ardmacha
609 2459 627 2487 et
635 2454 722 2486 Portmor
730 2464 741 2485 a
749 2453 846 2486 Catholicis
854 2459 989 2500 recuperantur.

261 2560 287 2601 Iu
297 2559 384 2612 Lagonia
394 2559 441 2599 dum
450 2558 491 2598 haec
501 2560 592 2612 aguntur,
603 2557 700 2597 Hemieus
714 2555 789 2608 Bagnal
798 2556 941 2612 Angluseques
951 2558 1037 2598 Armatus

261 2615 346 2656 iberniae
356 2616 505 2662 castrametator‚
515 2618 535 2653 et
545 2612 631 2653 Ultoniac
646 2611 748 2665 praefectus
762 2611 785 2651 in
793 2612 883 2665 oppidum
895 2614 961 2653 Iurem
970 2613 992 2652 in
1002 2612 1036 2653 Ul-

260 2672 320 2712 tonia
336 2669 406 2709 finibus
424 2669 489 2717 situm,
506 2673 525 2709 et
542 2667 605 2708 valido
622 2666 757 2708 haereticorum
772 2667 860 2720 praesidio
884 2668 982 2709 munitum
997 2682 1037 2708 non

260 2725 339 2779 longius
348 2725 359 2765 a
367 2725 469 2764 Portmore
478 2724 598 2764 munimento
614 2721 701 2762 millibus
716 2735 806 2773 passuum
815 2722 936 2776 undeviginti
945 2722 1037 2775 majorem

260 2782 336 2834 regium
352 2780 457 2820 exercitum
471 2779 495 2819 ad
509 2777 645 2832 opitulandum
661 2776 758 2816 Portmori
774 2777 846 2818 ducens
863 2776 957 2832 pervenit.
986 2776 1035 2818 inde

260 2836 321 2876 tertiis
331 2836 398 2876 castris
407 2834 494 2875 substitit
503 2834 524 2875 in
534 2833 582 2874 urbe
597 2831 714 2873 Ardmacha.
741 2830 789 2877 Erat
802 2832 877 2887 Bagnal
893 2832 981 2872 militaris
991 2833 1036 2873 artis

260 2946 471 3023 ossfourMastersffl.
481 2945 591 2985 autumet.
617 2943 668 2986 They
682 2941 759 2976 mention
773 2943 853 2985 Dermod
869 2944 1006 2986 O'UonorDon,
1016 2955 1033 2989 p.

261 3012 271 3022 a
295 3003 311 3022 ι).
980 3000 981 3003 “
