2237 3535
258 376 298 415 200
385 374 520 418 o'sunnnvrur
534 387 635 417 annorum
650 387 776 425 carnonam,
790 387 839 416 nou.
853 385 886 414 111.
948 372 998 424 [rra.
1008 384 1027 412 u

256 488 276 525 et
285 484 443 526 Gonnaohtorum
453 497 501 538 quos
511 483 609 533 conduxit,
620 497 705 524 asserens
714 485 845 538 principatum
861 486 880 524 et
889 494 960 522 nomen
968 481 1028 535 partis

257 540 312 581 adse
326 541 369 594 jure
385 540 485 594 pertinere.
514 539 570 579 Datis
586 539 677 591 utrinque
686 537 766 579 vadibus
776 540 839 580 standi
851 537 923 592 judicio
932 540 1028 577 rectorum

257 594 372 636 arbitrorum
382 610 393 635 a
402 594 468 647 pugnt
477 593 576 635 recedunt.
605 593 643 635 Sed
652 592 722 634 Daniel
732 594 765 646 qui
781 593 803 634 in
811 594 921 648 principatu
929 591 1006 641 restitit,
1016 606 1028 631 a

256 650 338 692 Daniele
347 649 475 690 O'Sallevano
492 648 562 703 Magni
578 649 636 689 fratre
651 647 697 689 Mac
712 647 783 689 carrha
797 649 930 702 inauguratur.
959 646 1028 687 Moxa

256 704 337 746 Daniele
347 704 380 757 qui
387 704 427 757 jam
436 702 556 745 Clancarrhae
566 704 674 758 principatu
683 702 793 757 potiebatur
802 706 838 744 eta
848 704 862 743 J
862 704 912 744 aimo
919 701 1028 743 Desmoniae

257 761 325 800 comite
335 759 402 799 armati
411 758 522 809 mittuntur,
532 762 556 799 ut
570 759 617 799 alios
633 758 744 799 Momonios
760 757 793 811 qui
810 757 834 798 ab
844 758 914 810 Anglis
927 771 969 798 non
978 756 1009 797 def
1020 782 1027 788 -

257 818 329 863 cerunt,
339 814 363 854 ad
373 813 500 854 detectionem
515 818 585 867 cogant
602 816 621 853 et
635 813 747 853 tributarios
761 812 791 853 vel
808 812 941 866 stipendiarios
950 813 1027 853 faciant.

256 870 282 910 In
291 868 336 909 Mac
345 868 438 909 Carrham
447 867 532 910 Fuscum
549 873 569 909 et
583 868 672 909 Carbrios
687 868 741 908 missi
756 869 841 908 terrestri
855 867 921 920 praelio
930 865 1027 921 prospere,

256 925 289 965 sed
299 937 342 963 cum
352 922 498 964 O'Driscolibus
508 924 571 964 navali
580 921 658 964 adverse
668 923 765 964 dimicant.
789 921 834 963 Alia
843 922 895 962 varia
904 922 969 975 praelia
978 923 1028 962 inter

254 980 306 1033 ipsos
315 978 427 1019 Momonios
436 978 498 1031 regios
508 983 527 1019 et
537 993 569 1020 eos
579 978 633 1032 quia
649 978 715 1032 regina
732 977 858 1026 desciverunt,
869 991 908 1017 non
918 977 959 1017 sine
969 977 1028 1031 partis

254 1034 355 1086 utriusque
372 1033 424 1074 caede
441 1033 595 1074 committuntur.
623 1032 656 1074 Ab
673 1033 782 1086 Anglorum
799 1033 859 1073 ductu
869 1036 888 1072 et
897 1032 977 1085 imperio
987 1046 1027 1072 sese

254 1088 365 1129 subducunt
381 1089 413 1129 alii
430 1089 497 1138 coacti,
514 1089 546 1130 alii
563 1092 637 1142 sponte,
655 1088 688 1128 alii
703 1092 772 1129 neutro
788 1088 859 1128 modo:
875 1086 907 1127 alii
923 1086 1027 1127 victoribus

183 1151 240 1193 [159.]
255 1143 407 1197 obtemperantes
416 1144 494 1197 utrique
504 1144 555 1197 parti
564 1143 633 1198 stipem
643 1144 742 1184 solverat
751 1144 760 1195 ΙΙ

580 1443 638 1484 CAP.
654 1442 691 1484 IV.

405 1577 477 1612 raons
485 1577 566 1612 Norrisis
574 1579 593 1612 in
601 1579 704 1614 Catholicos
712 1581 799 1625 expeditio
807 1582 870 1626 prima.

251 1708 288 1750 Im
297 1707 391 1749 Catholici
401 1707 498 1747 Momouii
509 1706 555 1747 dum
565 1706 597 1747 alii
613 1706 661 1748 alios
676 1706 791 1761 impugnant
806 1711 825 1748 et
835 1709 945 1759 conficiunt,
955 1724 1023 1764 oppora

249 1769 317 1806 tunam
338 1762 459 1803 occasionem
476 1766 546 1802 nactus
565 1761 649 1802 Thomas
668 1762 736 1803 Norris
755 1763 900 1804 Momoniarum
922 1767 1023 1818 prefectus

249 1818 350 1860 Gorcaohae
369 1816 419 1857 vires
439 1829 482 1856 suas
502 1815 581 1870 colligit.
619 1815 769 1871 Prouincialium
792 1818 907 1859 Ibernorum
928 1819 1023 1861 delectum

248 1875 347 1923 instituit;
361 1876 461 1912 veteranos
478 1875 497 1912 et
513 1885 575 1924 nuper
594 1885 618 1911 er
636 1871 709 1925 Anglia
727 1873 795 1914 missos
815 1873 927 1927 conjungit:
950 1876 1023 1928 aliquot
1041 1901 1044 1907 ·

249 1928 360 1970 Momonios
369 1927 465 1981 principes
475 1941 514 1967 suae
524 1927 612 1967 factionis
622 1932 721 1977 convocat,
730 1929 763 1981 qui
773 1942 839 1969 omnes
849 1928 931 1969 duorum
940 1930 1022 1971 millium

249 1988 269 2025 et
279 1983 429 2038 quingentorum
445 1996 547 2022 numerum
557 1982 640 2035 explent.
670 1982 708 2023 His
718 1984 778 2036 copiis
787 1984 809 2024 in
818 1985 895 2037 agmina
903 1985 941 2025 tria
951 1985 1022 2036 divisis,

247 2043 271 2079 ut
278 2054 301 2080 er
308 2036 466 2089 Kilmuehalloga
471 2037 542 2091 oppido
550 2041 648 2077 veteranos
655 2038 782 2091 praesidiarios
790 2038 878 2089 deducat,
888 2043 908 2080 et
913 2039 941 2080 ibi
946 2044 1022 2093 tyrones

226 2111 227 2115 ¹
248 2094 353 2136 constituat
358 2093 492 2146 proficiscitur.
499 2091 524 2132 Id
529 2091 638 2145 intelligens
645 2092 753 2134 Gulielmus
758 2094 843 2143 Burlrus,
851 2094 884 2147 qui
889 2094 910 2134 in
917 2093 1021 2136 Ochellano

248 2164 294 2203 agro
301 2152 340 2189 arat
347 2148 428 2189 adriam
435 2147 513 2188 nomine
518 2147 625 2187 Abharram
633 2148 724 2200 (Benlach
729 2148 825 2198 Athama)
832 2162 876 2189 cum
881 2149 978 2201 peditibus
983 2155 1021 2192 tre-

248 2205 308 2246 centis
318 2218 388 2257 agmen
397 2202 489 2243 ultimum
501 2202 542 2257 (qni
552 2205 606 2242 erant
615 2205 692 2257 tyrones
701 2203 761 2256 Angli
776 2203 826 2257 sagis
835 2203 898 2244 rubris
907 2205 978 2259 induti)
990 2207 1021 2247 die

247 2260 326 2301 Saturni
334 2258 440 2312 improtiso
449 2257 528 2299 adortus
542 2256 613 2306 fundit,
630 2261 649 2298 et
664 2258 685 2298 in
701 2258 786 2299 medium
802 2272 870 2311 agmen
884 2259 945 2313 fugat,
955 2261 1021 2302 maltis

247 2315 320 2364 occisis,
330 2314 473 2368 impedimentis
483 2314 550 2367 captis,
561 2317 579 2352 et
595 2313 646 2353 inter
661 2312 695 2353 illa
707 2313 798 2354 caniculis
807 2313 879 2353 festivis
890 2319 909 2355 et
918 2318 1021 2357 venatoriis

247 2370 326 2424 quosin
341 2369 415 2410 deliciis
430 2368 499 2408 Norris
515 2368 605 2409 habebat.
637 2367 711 2409 Tamen
727 2367 796 2409 Norris
811 2368 986 2425 Kilmuchallogam
1000 2387 1021 2412 se

246 2425 335 2474 contulit,
345 2424 397 2464 unde
415 2423 502 2478 proximo
519 2424 550 2464 die
564 2423 626 2464 Lunae
642 2423 755 2464 redeuntem
769 2422 794 2463 ad
803 2424 907 2466 Tumulnm
917 2426 1020 2468 Scotorum

248 2481 298 2533 (Ard
308 2479 380 2531 Scieth)
393 2484 521 2530 assequuntur
530 2479 641 2519 Desmoniae
651 2492 720 2527 eomes,
730 2477 841 2520 Vicecomes
851 2479 926 2521 Montis
937 2481 1019 2531 (iteranti,

245 2536 296 2577 Baro
315 2534 409 2583 Catharae,
429 2533 479 2574 Baro
499 2534 608 2584 tuachmae,
629 2533 737 2574 Guilelmus
760 2533 853 2584 Duilius*
869 2538 889 2576 et
912 2536 1020 2578 ltiohmdus

245 2591 326 2632 Tirellus
336 2603 417 2631 numero
434 2587 473 2629 fere
489 2603 550 2643 pares,
566 2593 667 2643 totamque
684 2588 734 2628 diem
750 2602 784 2642 per
799 2594 842 2631 octo
858 2590 918 2632 millia
927 2606 1020 2646 passuum

268 2737 275 2753 “
290 2736 328 2770 Om·
336 2734 421 2778 ordinary
434 2733 539 2767 authorities
553 2734 614 2779 supply
628 2745 652 2767 no
665 2744 725 2767 means
738 2733 759 2767 of
767 2735 833 2781 testing
845 2735 876 2769 the
887 2735 933 2769 facts
940 2736 992 2781 given
999 2738 1018 2771 iu

245 2781 280 2815 this
296 2781 331 2814 and
346 2781 376 2814 the
391 2784 429 2813 two
444 2779 535 2824 following
550 2780 638 2824 chapters.
664 2779 685 2813 In
699 2778 729 2811 the
744 2778 839 2825 beginning
854 2780 875 2814 of
884 2781 951 2826 spring,
968 2784 1017 2825 1599,

246 2826 315 2868 O'Neil,
324 2829 343 2859 at
349 2826 380 2858 the
388 2829 460 2869 nequest
468 2825 490 2857 of
498 2824 529 2857 the
538 2824 620 2858 Munster
629 2823 683 2864 Irish‚
699 2828 736 2856 sent
749 2826 800 2864 &000
814 2836 859 2864 men,
868 2826 925 2859 under
933 2827 963 2860 the
971 2839 1018 2862 oom-

245 2872 298 2903 mand
305 2871 326 2904 ot*
335 2871 363 2903 his
371 2881 410 2909 son,
419 2870 463 2908 Gon,
476 2874 496 2903 to
510 2870 584 2903 confirm
596 2870 627 2903 the
638 2869 687 2912 good
700 2868 749 2902 work
761 2870 818 2903 which
828 2870 914 2904 O’Moore
922 2871 958 2905 had
970 2884 1017 2906 oom-

244 2915 322 2949 menood.
347 2916 386 2949 Gon
394 2914 485 2949 remained
492 2914 510 2947 in
519 2915 601 2948 Munster
608 2913 670 2958 nearly
679 2913 709 2946 the
717 2914 771 2948 whole
784 2915 925 2960 spring-Dour
932 2917 1016 2962 Masters,

243 2971 262 3005 p.
271 2961 315 2993 2095
324 2973 328 3001 3
342 2959 439 3002 Lombard,
447 2971 463 3004 p.
472 2962 513 2993 408.
850 2972 852 2975 ·
