2237 3535
216 917 481 981 coniuratum
498 920 696 981 cernamur
724 920 844 985 aaran
867 882 983 986 ranan,

459 1073 530 1115 ΤΟΜΙ
551 1074 580 1115 Π.
603 1075 688 1117 LIBER
702 1076 731 1118 H.

402 1219 536 1253 HAERETICAE
547 1220 693 1254 rruauuruis
705 1221 797 1254 SUMMA.

207 1339 376 1384 Quariaurrouun
393 1343 470 1396 Angliae
485 1356 540 1395 reges
557 1356 601 1383 cum
613 1343 707 1384 Catholici
721 1345 806 1396 luerunt,
817 1346 902 1390 Iberniae
912 1352 981 1404 guber-

206 1396 298 1437 naculum
312 1399 371 1447 uacti,
387 1398 525 1452 rempublicam
541 1399 603 1452 magis
620 1399 721 1439 everterint
730 1400 794 1453 ,quam
803 1401 859 1443 bonis
867 1403 943 1457 legibus
951 1408 981 1448 iu-

206 1450 336 1502 formaveriut,
347 1453 484 1507 expedivimus.
512 1452 572 1493 Nunc
588 1456 632 1507 apta
648 1454 705 1494 series
714 1455 856 1498 referendarum
865 1473 929 1500 rerum
938 1477 982 1516 pos-

205 1505 262 1555 tulat,
277 1511 300 1547 ut
316 1508 421 1548 orationem,
436 1511 532 1548 vertamus
549 1507 573 1548 ad
589 1522 620 1548 eas
637 1509 753 1550 calamitates
768 1512 884 1563 tractandas,
902 1529 948 1569 quas
958 1518 982 1557 iis

205 1560 283 1613 regibus
293 1562 366 1603 Christi
374 1563 487 1617 religionem
497 1563 595 1615 aversatis)
607 1562 684 1603 ibernia
691 1565 776 1617 pertulit.
806 1566 865 1610 Quod
873 1573 896 1609 ut
905 1571 980 1624 plenius

206 1619 226 1655 ct
236 1616 259 1655 ad
268 1631 355 1670 unguem
364 1619 480 1671 percipiatur
489 1617 542 1671 prius
552 1618 589 1658 hoc
597 1617 646 1658 libro
662 1618 763 1660 libandum
771 1621 835 1671 tuerit,
846 1625 904 1676 quam
913 1626 951 1666 sint
961 1632 981 1667 ct

205 1670 266 1723 Angli
274 1672 296 1712 in
305 1672 343 1712 fide
353 1672 454 1713 Catholicat
463 1673 515 1721 varii,
525 1672 601 1721 lubrici,
607 1673 738 1714 inconstantes
743 1692 750 1725 ,-
765 1680 837 1726 contra,
848 1677 914 1720 Iberni
923 1681 979 1731 firmi,

204 1724 287 1775 stabiles,
305 1727 352 1776 fidn-
374 1731 394 1767 et
411 1727 507 1780 quomodo
523 1731 628 1780 praesentes
644 1728 725 1769 haereses
743 1734 788 1783 post
805 1731 884 1773 infectas
898 1748 977 1788 magnas

203 1779 254 1820 orbis
264 1781 368 1822 Christiani
377 1788 441 1836 partes
450 1781 542 1835 Angliam
558 1782 668 1831 invaserint,
679 1787 699 1823 et
708 1798 774 1824 earum
782 1785 815 1825 luc
824 1786 905 1828 Ibernos
915 1790 978 1844 inqui-

202 1848 253 1884 nare,
273 1837 348 1877 cunctis
367 1837 440 1878 viribus
459 1836 519 1889 Angli
538 1837 708 1886 natantianatantia
723 1838 747 1879 ad
763 1841 821 1880 finem
835 1841 879 1882 libri
894 1844 977 1897 generali

202 1890 283 1942 quartam
299 1893 437 1945 persecutionis
459 1891 551 1932 relatione
565 1891 610 1932 utili
626 1892 650 1932 aa
665 1894 787 1946 sequentium
803 1895 896 1938 librorum
911 1901 977 1954 cogni-

148 1948 193 1992 [66.]
201 1945 271 1998 tionell

449 2101 725 2108 ...b-—n—..uv-A--A

534 2220 593 2262 CAP.
609 2221 627 2260 I.

321 2337 387 2380 Quam,
394 2338 432 2384 'sint
439 2337 494 2382 Angli
502 2335 571 2370 lubrica
579 2341 597 2370 et
604 2336 665 2371 Iberni
674 2336 733 2369 stabili
741 2336 832 2381 religione.

196 2448 259 2493 QUAM
274 2448 300 2488 sit
316 2447 397 2500 Angliae
412 2460 494 2500 regnum
510 2446 604 2500 religione
620 2446 738 2495 inconstans,
748 2447 838 2488 novitatis
856 2447 969 2497 studiosum,

195 2503 290 2544 erroribus
300 2501 449 2543 contaminabile
461 2501 491 2542 vel
508 2502 530 2542 eb
547 2505 612 2555 potest
628 2501 693 2554 colligi
708 2501 759 2554 qaod
769 2502 828 2555 Angli
837 2506 939 2556 postquam
949 2504 970 2544 in

194 2558 346 2599 Christianorum
362 2557 428 2598 album
444 2571 514 2598 nomen
525 2557 626 2606 dederunt,
635 2570 670 2610 per
678 2556 751 2609 primos
761 2557 883 2610 quingentos,
894 2561 969 2612 septua-

194 2615 246 2665 ginta
256 2614 342 2667 quinque
352 2627 414 2654 annos
421 2613 497 2666 septies,
508 2612 538 2653 vel
549 2627 572 2652 er
586 2625 656 2664 magna
666 2614 720 2664 parte
730 2610 800 2651 firerint
810 2611 914 2653 Catholicae
924 2612 969 2654 fidei
996 2643 1000 2659 Δ,

193 2668 303 2718 desertores,
314 2672 337 2708 ut
346 2682 370 2709 er
386 2666 521 2709 Ecclesiastict
530 2667 619 2716 Historih
628 2666 688 2708 Beda
698 2665 817 2716 venerabilis,
827 2671 847 2707 et
857 2668 918 2707 sancti
932 2668 968 2708 viri

191 2723 264 2776 liquido
273 2726 354 2764 constat.

220 2777 316 2831 Principio
326 2777 404 2831 quidem
414 2777 489 2818 circiter
503 2791 578 2817 annum
595 2776 720 2817 centesimum
735 2776 915 2829 quinquagesimum
924 2792 966 2818 ser-t

192 2836 234 2871 tum
244 2831 267 2871 ab
277 2837 321 2872 ortu
331 2833 403 2874 Salutis
412 2835 489 2881 nostrae,
500 2832 578 2883 Christi,
586 2830 699 2872 Eleutherio
706 2830 800 2871 Pontifice
810 2833 891 2880 summo,
900 2831 966 2874 Marco

190 2886 277 2927 Antonio
293 2887 350 2936 Vero,
366 2893 386 2927 et
401 2887 481 2928 Aurelio
490 2888 597 2928 Commodo
613 2885 703 2926 fratribus
713 2886 815 2939 imperium
825 2886 964 2938 obtinentibus,

189 2942 262 2995 Anglia
271 2955 316 2994 rege
331 2956 365 2982 suo
381 2942 443 2982 Lucio
459 2942 495 2982 fuit
510 2943 555 2983 fidei
572 2942 673 2996 splendore
688 2941 770 2995 perlusa.
800 2941 839 2982 Seri
848 2940 964 2985 Diocletiani
