2237 3535
198 394 223 432 3ss
339 394 473 434 o’sunnnvanr
487 404 588 433 nrsronnn
603 404 728 443 en'rnonrcn,
743 406 791 433 rori.
806 405 820 431 1.
872 390 922 443 [nm.
938 405 970 431 111.

197 517 271 554 manos,
288 504 373 553 Graecos,
389 506 407 544 et
425 503 530 545 Germanos
545 501 675 554 Imperatores
690 506 709 542 et
726 503 817 552 Caesares,
832 517 843 543 a
858 501 934 544 Caesare
953 506 972 542 et

197 558 299 613 Augustos
308 559 336 599 nb
352 561 442 611 Augusto
451 557 531 599 vocari?
560 557 592 597 Ita
601 555 672 597 nobilis
682 561 701 596 et
711 559 790 612 antiqua
804 558 841 598 fuit
857 556 970 598 Ibernorum
1029 603 1030 606 Ἴ

197 615 307 668 principum
324 613 449 663 consuetudo,
467 614 500 667 qui
515 612 638 666 dignitatum,
653 611 684 652 vel
700 612 802 653 titulorum
818 612 896 654 nomina
913 627 924 652 a
941 612 971 652 sui

197 670 279 723 quisque
289 668 363 722 generis
380 668 466 717 authore,
477 670 606 721 sumpserunt.
636 665 695 710 Quod
710 668 802 720 exemplis
815 669 873 722 longe
882 667 970 709 maximis

197 727 217 763 et
226 722 422 764 honorificentissimis
432 737 443 762 a
452 722 508 763 nobis
514 722 631 775 explicatum
636 721 701 771 fuisse,
708 722 777 775 aliquis
783 724 848 764 forsan
857 722 970 776 arrogantiae

196 779 280 819 uerterit.
310 778 346 818 Oui
356 792 392 830 ego
401 791 514 830 responsum
530 777 595 826 velim,
605 776 663 816 licere
678 791 737 830 parva
751 779 826 831 magnis
836 779 928 832 exemplis
938 792 969 817 ex-

196 833 268 886 plicari,
284 833 397 887 praesertim,
414 846 459 872 cum
475 831 511 872 alia
526 845 566 871 non
584 835 693 885 suppetant,
706 846 751 872 cum
765 833 846 873 aliorum
860 834 969 881 authorum,

195 892 238 928 tum
248 888 314 929 Ovidii
322 888 406 928 Nasonis
415 887 528 935 imitatione,
536 887 569 940 qui
579 900 624 926 eum
634 886 657 926 ab
667 887 759 940 Augusto
768 889 789 927 in
799 888 877 929 exilium
886 889 970 929 mittere-

195 946 234 994 tur,
245 944 314 984 domus
324 957 363 983 snae
373 942 446 982 luctum
457 943 519 982 Troiae
527 940 628 982 funeribus
638 943 738 982 conferens
748 943 786 982 ait:

379 1044 397 1077 Si
405 1044 448 1078 lieet
456 1045 520 1089 parvis,
529 1045 614 1089 exemplis
622 1047 719 1089 grandibus
726 1047 760 1086 uti,

379 1090 429 1123 Tune
437 1090 491 1124 facies
500 1090 559 1134 Trojae
568 1101 608 1123 cum
617 1097 710 1135 caperetur
719 1096 763 1126 erat.

193 1186 223 1225 Ac
249 1185 317 1227 ibemi
343 1186 420 1238 quidem
441 1191 546 1240 magnates,
570 1192 637 1228 tamen
660 1189 677 1228 si
700 1203 745 1228 cum
766 1188 824 1228 tantis
848 1189 926 1242 regibus
950 1194 969 1231 et

193 1242 302 1281 monarchis
320 1240 429 1281 conferendi
450 1242 578 1283 nullomodo
595 1247 647 1292 sunt,
668 1244 793 1284 nihilominus
814 1242 968 1286 Marchionibns.

193 1294 308 1346 Oomitibns,
318 1295 476 1346 Vieecomitibus,
488 1297 598 1338 Beronibus
604 1299 683 1339 minime
693 1299 773 1339 fuerunt
781 1298 887 1340 inferiores.
916 1300 969 1340 Nam

192 1364 251 1403 penes
260 1352 364 1405 plerosque
373 1352 410 1391 fuit
415 1351 447 1404 jus
455 1352 519 1405 gladii,
525 1354 643 1407 praeficiendi
649 1354 688 1394 suis
693 1354 765 1394 finibus
770 1354 850 1408 judices,
857 1354 968 1409 aliquosque

193 1407 341 1447 constitutiones
351 1410 370 1446 et
380 1408 506 1460 pragmaticas
516 1409 647 1449 constituendi
656 1409 750 1450 facultas:
766 1413 785 1449 et
793 1409 861 1450 uicinis
870 1409 968 1451 indicendi

192 1460 244 1512 belli,
254 1477 299 1503 cum
308 1462 414 1515 iisdemque
423 1463 475 1515 pacis
484 1463 573 1504 ineundae
583 1467 674 1517 potestas.

527 1756 584 1796 enP.
600 1756 637 1796 Vr.

485 1862 513 1894 De
521 1861 577 1894 Novis
585 1861 660 1895 Ibernis.

876 1911 882 1928 1

191 1953 255 2005 sans,
265 1957 286 1997 ni
296 1957 358 2007 fallor,
366 1957 389 1997 de
394 1961 479 1998 veterum
489 1957 604 1997 ibernorurn
615 1958 687 2009 origine
697 1958 786 1998 diximus.
814 1958 848 1998 Ad
857 1954 918 1999 noros
925 1960 966 2013 jam

190 2011 281 2052 orationis
291 2018 363 2053 nostrae
380 2026 457 2053 cursum
473 2013 616 2053 transferamus.
645 2013 699 2054 Novi
713 2013 780 2062 iberni
790 2017 835 2053 sunt
844 2013 880 2062 illi,
892 2016 925 2067 qui
935 2015 965 2055 vel

189 2078 212 2103 en
221 2066 323 2108 Danorum
332 2082 401 2121 genere
411 2068 432 2107 in
441 2068 519 2108 ibernia
528 2071 648 2117 manserunt,
661 2069 752 2122 (namque
761 2068 813 2108 Dani
822 2068 905 2109 Ibernos
914 2069 965 2110 bello

189 2127 327 2175 oppugnarunt
336 2127 359 2163 nt
370 2123 452 2163 seeundo
458 2126 511 2163 tomo
519 2122 664 2175 demonstrabo)
675 2124 706 2163 vel
711 2128 779 2177 postea
788 2124 809 2163 in
819 2137 861 2163 eam
870 2129 965 2165 uenerunt

189 2182 316 2218 mercaturam
325 2178 408 2218 faciendi
423 2192 486 2227 cansa,
503 2178 647 2219 condendarum
663 2178 742 2218 urbium
757 2178 810 2218 sedes
831 2177 855 2218 ab
870 2178 964 2220 ibernieis

188 2233 392 2287 nragnatibus,quibns
401 2234 484 2287 vectigal
489 2232 605 2287 pendebant,
613 2232 733 2285 accipientes,
740 2232 771 2272 vel
777 2232 843 2272 eodem
854 2247 877 2273 ex
886 2235 963 2288 Anglia,

188 2299 222 2326 seu
232 2287 309 2329 aliunde
319 2288 355 2329 sub
366 2288 475 2341 Anglorum
484 2288 564 2341 imperio
572 2288 695 2341 trajecerunt,
703 2288 743 2327 sive
750 2287 808 2337 Galli,
815 2288 856 2328 sive
865 2288 964 2340 Hetrusoi,

187 2340 227 2382 sire
236 2342 268 2383 alii
277 2344 356 2385 fuerint.
439 2385 441 2389 ,

216 2396 244 2438 Hi
252 2413 320 2439 rursus
329 2398 431 2439 notissima
438 2399 531 2439 divisione
537 2398 588 2438 inter
595 2412 615 2438 se
623 2397 776 2451 distinguuntur,
783 2398 846 2437 animo
853 2398 874 2438 in
881 2399 963 2452 Anglos,

187 2451 268 2505 legibus,
279 2458 299 2494 et
309 2454 408 2495 communi
413 2453 506 2507 loquendi
519 2467 563 2493 usu.
577 2452 703 2506 Antiquiores
713 2456 732 2493 et
742 2452 845 2493 nobiliores
853 2467 893 2494 non
900 2455 963 2508 solum

188 2506 259 2558 iberni,
268 2509 303 2550 sed
313 2510 371 2550 etiam
387 2507 472 2549 ibernici
486 2512 506 2549 et
515 2508 611 2549 trahentur
626 2511 645 2547 et
659 2522 702 2548 vere
712 2512 769 2548 sunt:
785 2521 867 2561 quorum
882 2524 962 2550 numero

141 2563 180 2607 [35]
188 2562 294 2617 principem
302 2565 379 2616 locumll
396 2563 485 2604 obtinent
500 2563 601 2613 Giraldini,
617 2563 688 2612 Burni,
704 2563 785 2613 Bntleri,
795 2563 864 2613 Barrii,
882 2565 961 2614 Rochei,

188 2615 296 2669 Gondones,
307 2619 375 2669 Curtii,
385 2618 454 2669 Lessii,
465 2619 535 2673 aliique
544 2618 616 2673 plures.
645 2617 741 2671 Equibus
748 2618 862 2659 nobilissimi
876 2623 962 2660 veterum

187 2670 303 2714 Ibernorum
312 2689 365 2715 more
375 2674 501 2729 principatus,
511 2678 531 2715 et
540 2674 620 2714 honoris
629 2674 707 2713 nomina
716 2673 754 2713 sibi
762 2674 874 2723 induerunt,
884 2674 962 2728 regibus
1005 2701 1006 2704 =

186 2727 264 2780 Angliae
273 2730 345 2780 invitis,
355 2733 378 2770 ut
392 2730 437 2770 Mac
452 2730 542 2779 Thomas,
553 2729 609 2782 cnjus
625 2741 742 2769 successores
759 2730 837 2769 fuerunt
854 2729 918 2770 Desine
932 2730 962 2771 vel

185 2780 297 2824 Desmoniae
306 2786 391 2834 comites,
408 2785 455 2826 Mac
461 2785 579 2833 Williamus,
596 2783 642 2823 Mac
652 2782 719 2834 Moris,
739 2784 784 2825 Mac
794 2784 896 2837 Padrigus,
916 2784 961 2826 Mac

185 2835 271 2888 Fheoris,
281 2838 327 2880 Mac
336 2840 403 2889 Pieris,
413 2839 460 2881 Mae
469 2840 528 2881 Maus
538 2843 557 2880 et
567 2852 606 2892 qua
616 2838 646 2878 via
654 2843 742 2891 possunt,
753 2840 828 2880 malunt
837 2840 862 2878 ad
871 2839 961 2893 antiquos

183 2891 272 2943 Ibernos,
282 2894 314 2934 vel
323 2894 347 2934 ad
356 2895 461 2948 Hispanos,
473 2895 557 2944 Graecos
568 2893 642 2942 Gallos,
657 2894 756 2945 Etruscos,
766 2895 839 2943 Dauos,
855 2898 888 2934 aut
903 2895 959 2936 aliam

183 2952 268 3002 gentem,
286 2962 344 3002 quam
364 2951 388 2990 ad
406 2947 482 3004 Anglcs
501 2951 570 2991 referre
591 2949 622 2989 sui
643 2951 717 3002 generis
742 2950 841 3004 originem,
867 2949 960 2992 Ibernum
