2237 3535
290 438 330 475 262
414 436 548 476 o’sunnnvanr
563 447 664 475 ffisronrra
679 449 804 487 carnencas,
813 450 861 478 non.
877 451 910 479 111.
956 437 1006 488 [nra.
1015 449 1061 477 vni.

425 545 475 579 Urbs
483 544 555 589 antiqua
562 544 599 578 ruit
606 543 671 576 multos
680 543 770 578 dominata
777 557 808 590 per
816 558 876 580 annos.

425 590 504 625 Plurima
511 601 577 634 perque
585 589 621 623 vias
630 592 733 622 sternuntur
741 589 805 624 inertia
812 592 876 634 passim

427 635 520 680 Corpora5
532 645 599 678 perque
608 634 673 676 domos,
682 638 700 666 et
708 634 790 679 religiosa
798 635 879 670 Deorum

423 680 503 713 Limina:
516 679 555 712 Nec
564 679 596 712 soli
604 689 662 723 poenas
671 679 714 712 dant
722 679 806 724 sanguine
814 680 886 715 Teucri.

425 725 519 763 Quondam
526 724 580 757 etiam
586 723 637 756 victis
644 723 691 756 redit
699 723 717 757 in
724 725 822 768 praecordia
830 726 892 760 virtus.

425 769 543 812 Victoresque
551 768 618 801 eadunt
624 767 690 802 Danai:
704 769 780 802 crudelis
790 768 855 814 ubique

423 814 503 848 Luctus:
515 813 580 857 ubique
588 824 649 858 pavor,
657 818 675 846 et
682 813 759 858 plurima
767 814 829 848 mortis
837 815 902 860 imago.

287 942 318 983 Ob
334 942 371 983 hoc
386 942 469 983 iberniae
484 942 595 983 universum
610 955 659 995 pene
675 941 771 981 excidium
787 943 844 982 multi
860 943 926 984 lbemi
942 959 976 998 per
986 947 1059 983 exteras

286 1001 354 1050 gentes
370 1012 410 1038 sese
427 997 551 1038 diffuderunt.
579 996 653 1050 Ingens
668 995 725 1037 turba
740 997 761 1037 in
776 996 865 1048 Galliam,
879 998 937 1051 longe
947 999 1029 1039 maxima
1038 999 1059 1038 in
1078 1031 1080 1033 .

286 1052 401 1106 Hispaniam
410 1054 509 1094 confluxit.
538 1051 611 1093 Erotes
621 1065 677 1091 causa
686 1051 731 1091 fidei
740 1050 829 1105 benigne,
840 1053 957 1107 comiterque
966 1069 978 1094 a
987 1053 1057 1094 Catho-

284 1107 326 1149 licis
336 1108 463 1162 excipiuntur.
492 1108 517 1149 In
526 1121 559 1148 eos
569 1106 612 1147 Rex
621 1106 721 1160 Hispaniae
730 1107 767 1147 tuit
774 1111 828 1148 tanto
839 1122 908 1158 amore,
920 1123 941 1149 ea
950 1110 1027 1161 pietate,
1038 1112 1057 1148 et

284 1163 420 1213 munificentia,
430 1163 494 1204 utrix
503 1162 554 1203 ullus
570 1161 638 1215 possit,
655 1166 689 1202 aut
698 1162 784 1202 oratione
793 1162 900 1216 complecti,
911 1167 945 1203 ant
954 1164 1018 1204 animo
1028 1178 1057 1203 as·
1117 1161 1119 1183 ³

219 1214 276 1260 [202]
284 1218 345 1272 sequi,
356 1224 449 1272 quantum
458 1218 487 1259 1111
497 1217 579 1258 debeant
587 1218 604 1269 ’.ΙΙ
622 1231 687 1257 omnes
696 1217 790 1270 principio
801 1232 858 1270 quam
867 1218 1058 1259 honorificentissime
1117 1225 1119 1267 j

283 1274 368 1327 suscepit
382 1274 436 1314 donis
452 1287 534 1314 ornans:
549 1272 676 1312 nobilioribus
685 1276 794 1313 menstruos
803 1287 892 1313 nummos
901 1273 1010 1326 vectigales,
1021 1287 1055 1325 pro

282 1342 318 1369 sua
327 1329 395 1381 cuique
405 1328 515 1370 conditione
523 1328 636 1381 assignans,
654 1327 695 1367 aliis
712 1327 794 1368 militare
803 1328 920 1382 stipendium
930 1328 1055 1368 constituens.
1116 1333 1119 1381 ξ

280 1383 312 1423 Ex
322 1383 360 1424 illis
369 1384 390 1424 in
399 1383 463 1425 Gallia
471 1383 550 1436 Belgica
559 1382 655 1436 legionem
664 1382 759 1423 conscribi
766 1383 829 1437 jussit,
838 1397 880 1436 quae
889 1384 942 1437 prius
952 1383 989 1423 sub
999 1383 1055 1423 Hen-

279 1438 320 1479 rico
330 1443 349 1478 et
359 1443 402 1492 post
411 1439 493 1479 Henrici
502 1438 602 1479 interitum
613 1437 647 1477 snb
658 1437 672 1476 J
673 1438 747 1478 ohanne
765 1437 844 1478 O'Nelli
852 1439 944 1493 principis
954 1438 998 1478 filiis
1009 1452 1055 1478 con·

280 1497 311 1534 tra
320 1494 403 1535 Batavos
411 1494 498 1543 fideliter,
508 1497 528 1533 et
537 1492 615 1534 strenue
624 1493 723 1546 pugnant.
752 1492 778 1533 In
783 1494 835 1546 regia
841 1506 918 1547 qnoque
928 1493 987 1534 classe
997 1494 1055 1533 maris

281 1548 354 1589 Oceani
363 1550 450 1590 cobortes
465 1549 538 1602 aliquot
552 1548 669 1601 stipendium
678 1548 765 1588 iecerunt
774 1562 844 1601 magna
852 1549 924 1589 uirtute
934 1551 1054 1602 praestantes.

280 1603 329 1643 Post
344 1604 463 1645 Catholicurn
478 1618 543 1657 regem
558 1604 610 1644 inter
624 1602 739 1643 Ibernorum
748 1603 826 1643 exulum
835 1608 927 1657 patronos
937 1603 1054 1643 clarissimus

280 1658 388 1712 Brigantiae
396 1659 443 1700 Dux
452 1659 564 1706 Lusitanus,
575 1657 680 1698 Oardinalis
691 1657 757 1697 Sardis
766 1657 876 1712 Burdigalae
889 1659 1053 1711 archiepiscopus

280 1713 355 1763 Gallus,
371 1714 470 1755 Carazenae
485 1713 573 1754 Marchio
591 1712 696 1766 Hispanus,
713 1716 732 1752 61
748 1712 818 1753 Fabius
838 1712 933 1754 O’Nellus
951 1713 1053 1753 Valisoleti
1116 1749 1118 1756 a

279 1768 332 1809 urbis
342 1769 394 1810 dives
404 1770 451 1810 civis
460 1783 500 1809 non
508 1769 598 1809 infimum
606 1767 670 1808 locum
680 1766 775 1807 obtinent.

591 2047 649 2088 CAP.
665 2046 716 2087 VH.

474 2168 503 2201 An
511 2165 571 2200 Iberni
576 2166 624 2210 juste
631 2165 719 2211 gesserint
726 2165 760 2198 hoc
768 2164 846 2197 bellum?

277 2291 310 2330 nx
326 2289 405 2329 historia
420 2289 487 2327 nostra
500 2283 597 2326 verissime
606 2284 677 2324 tradita
686 2282 742 2337 plant
752 2282 854 2335 colligitur,
865 2281 889 2322 ab
899 2281 975 2322 Ibernis
985 2285 1051 2322 contra

277 2345 363 2399 reginam
373 2343 457 2396 Angliae,
468 2344 487 2380 et
496 2341 553 2392 regiae
562 2340 649 2380 factionis
659 2339 740 2379 Ibernos
750 2337 821 2379 bellum
831 2351 891 2391 aeque,
902 2342 921 2377 61
928 2336 981 2391 juste
991 2337 1051 2377 fuisse
1109 2383 1111 2387 y

277 2404 392 2452 susceptum.
423 2395 483 2441 Quod
495 2395 553 2448 aliqui
568 2393 674 2434 sacerdotes
691 2392 832 2447 Anglo-Iberni
841 2406 903 2446 neque
912 2396 1050 2441 asseverarunt,
1109 2413 1111 2416 v

277 2469 339 2509 neque
349 2450 506 2507 Anglo-IberniS‚
516 2454 536 2489 et
545 2448 620 2490 themis
630 2455 737 2489 suaserunt.
767 2447 821 2492 Quos
831 2453 898 2488 contra
911 2447 961 2488 malo
971 2448 992 2487 in
1001 2461 1049 2500 prae·
1108 2483 1110 2493 ἶ

277 2511 338 2551 sentia
345 2509 440 2564 judicium
451 2507 551 2547 doctorum
561 2503 686 2554 Salmantica,
697 2508 716 2544 et
725 2502 833 2544 Vallisoleti
839 2502 986 2543 clarissimorum
996 2516 1049 2555 gym-
1117 2530 1119 2534 .

276 2566 374 2606 nasiorum
388 2563 501 2618 producere,
519 2574 576 2613 quam
589 2559 611 2599 in
626 2573 645 2600 re
662 2563 702 2600 tam
716 2562 787 2613 aperta,
798 2561 817 2596 61
826 2559 928 2611 conspicua
945 2557 1048 2610 disputare.
1106 2556 1119 2617 [i

276 2621 302 2662 Id
311 2619 454 2661 Catholieorum
463 2615 547 2657 ibernia
556 2613 627 2654 bellurn
636 2614 745 2668 gerentium
754 2617 824 2666 rogatu
836 2613 877 2653 serb
886 2612 983 2666 prolatum
992 2611 1020 2652 ita
1030 2626 1049 2652 se

275 2675 341 2717 habet.

278 2780 361 2820 Gerasam
374 2779 477 2817 Doctorum
498 2773 646 2814 Uataeattatam
663 2770 791 2819 1616661116,
806 2775 825 2809 61
837 2768 946 2811 1611661611
961 2770 984 2809 de
997 2784 1048 2821 prce-
1105 2777 1119 2795 l

303 2834 354 2874 661111
368 2832 450 2873 Iteratae
467 2830 521 2878 16116,
536 2832 555 2868 61
572 2829 669 2869 circadae
685 2824 790 2866 declaratio
806 2825 915 2864 1116661166
933 2824 1048 2865 6666116661

304 2889 383 2929 Doceat
392 2887 453 2928 tractat
469 2882 570 2925 0161666116
579 2883 637 2935 Papae
650 2882 707 2923 VIII.
718 2880 892 2933 supercedentia
903 2909 908 2918 .
1103 2878 1118 2903 ’1

299 2991 431 3024 Illustrissimus
446 2989 527 3033 princeps
536 2986 591 3030 Hugo
602 2986 686 3019 O'Nellus
694 2985 761 3019 bellum
768 2983 815 3028 gerit
824 2994 863 3016 cum
875 2982 945 3027 Angliae
953 2981 1020 3026 regina,
1029 2984 1047 3032 et

277 3036 339 3081 Anglis
349 3036 370 3069 ob
379 3035 489 3069 Catholioam
502 3032 605 3077 religionem
619 3031 707 3070 tuendam,
722 3035 742 3063 ut
756 3029 823 3063 scilicet
836 3028 889 3062 liceat
902 3028 933 3067 1111,
946 3031 963 3060 et
978 3026 1046 3060 Iberms
