2237 3535
287 972 428 1033 irunt
461 948 672 1033 olriruu

91 1357 196 1391 ‘Errsroun
203 1356 341 1391 Dumcaronm
387 1376 394 1382 .
488 1376 495 1381 .

98 1403 128 1436 Ad
136 1400 247 1435 Gatholicum
256 1399 350 1433 hectorem
361 1399 442 1444 Epistola
488 1420 496 1426 -

374 1560 446 1602 TOMI
460 1560 479 1602 I.
494 1560 610 1602 LIBERI.

326 1708 354 1736 ΒΕ
363 1708 457 1737 IBERNIAE
466 1709 512 1737 SITU
521 1709 546 1737 ΕΤ
555 1708 644 1737 NATURA.

98 1799 154 1833 OAP.
245 1798 262 1831 1.
275 1798 350 1833 Ibernio
358 1800 412 1834 variae
419 1799 601 1833 nominareferuntur

236 1843 264 1878 II.
277 1843 366 1878 Iberniam
378 1845 432 1878 fuisse
446 1844 526 1878 Scotiam
534 1845 599 1878 dictam
606 1848 625 1878 et
633 1844 713 1883 Ibernos,
723 1843 792 1882 Scotos,

302 1889 410 1924 auctoritate
418 1890 518 1933 aliquorum
525 1890 612 1933 probatur

211 1960 213 1963 f
224 1933 263 1967 III.
275 1934 304 1967 Dc
312 1934 388 1968 Iberniae
396 1935 432 1968 situ
440 1939 458 1968 et
465 1934 524 1979 figura
586 1955 593 1962 -

225 1979 262 2012 IV.
274 1979 302 2012 De
308 1978 384 2013 Iherniae
390 1979 516 2023 Magnitudine

237 2024 262 2057 V.
275 2024 351 2057 Ibernise
358 2025 412 2058 variae
420 2024 513 2058 divisiones
520 2028 636 2058 recensentur
686 2044 692 2051 -
785 2045 792 2050 -

226 2069 262 2103 VI.
274 2070 302 2103 De
310 2069 386 2103 Iberniae
394 2069 504 2108 salubritate,
509 2069 602 2103 fertilitate
610 2073 628 2103 et
636 2068 737 2103 amoenitate
784 2090 791 2096 -

216 2114 262 2147 VII.
275 2115 364 2149 Ihorniarn
378 2125 415 2148 esse
428 2125 487 2148 arcem
500 2118 518 2147 et
529 2114 689 2158 propugnaculum,
698 2114 746 2147 uude
756 2113 792 2146 hae-

301 2159 353 2193 retici
360 2163 435 2204 possunt
448 2159 537 2200 debellari,
545 2164 564 2192 et
577 2160 612 2192 alia
622 2170 679 2204 regna
686 2159 792 2198 conservari,

303 2205 435 2239 demonstratur
487 2225 494 2232 -
686 2225 692 2231 -
785 2225 791 2231 -

206 2248 263 2282 VIII.
276 2249 305 2283 De
313 2249 388 2284 Iberniae
396 2249 482 2283 mirandis
685 2270 692 2276 -
785 2270 791 2276 -

225 2294 262 2328 IX.
276 2296 298 2329 In
304 2294 369 2328 horum
378 2306 416 2339 quae
425 2295 501 2328 diximus
508 2293 627 2339 patrocinium
633 2293 700 2339 aliquot
708 2293 792 2327 authores

302 2340 380 2373 citantur

359 2480 432 2521 TOMI
445 2481 463 2522 I.
478 2480 564 2522 LIBER
577 2480 607 2521 II.

313 2611 341 2639 DII
350 2610 482 2640 PURGA‘IORIO
497 2612 544 2639 DIVI
558 2610 654 2639 Parmrss.

246 2702 262 2735 Ι.
276 2702 371 2737 Promittit
376 2703 442 2738 author
447 2714 466 2737 se
473 2703 572 2737 relaturum
577 2702 671 2736 historiam
676 2703 758 2746 hominis,
763 2704 794 2749 qui

303 2759 313 2781 a
321 2748 430 2794 Purgatorio
439 2748 482 2783 Divi
490 2748 563 2782 Patritii
570 2759 652 2782 reversus
661 2753 689 2782 est

236 2790 264 2825 II.
277 2792 367 2837 Hispanus
375 2794 480 2829 Vicecomes
487 2803 569 2828 reversus
576 2804 587 2826 a
594 2793 638 2827 Divi
645 2794 717 2828 Patritii
725 2794 795 2840 Purga-

302 2837 350 2871 torio
358 2838 451 2874 historiam
458 2849 512 2872 suam>
516 2837 571 2871 refert

226 2882 263 2916 ΙΙΙ.
276 2882 370 2928 Philippus
376 2884 510 2919 translationem
518 2893 567 2917 suam
575 2894 654 2918 censurae
663 2888 681 2918 et
687 2884 794 2919 correctioni

305 2928 375 3006 Seppctae
388 2930 454 2964 Matris
467 2928 553 2963 Ecclesiae
564 2932 582 2962 et
597 2928 658 2964 Sacrae
671 2930 793 2975 inquisitionis

304 2983 324 3006 su
334 2974 376 3017 Jrcit
488 2994 495 3002 ·
587 2995 594 3003 -
686 2995 694 3003 ·
