2174 3535
248 352 288 389 292
392 352 526 392 o'sunnnvanr
539 364 640 391 rrrsroans
655 365 877 402 eramusmaerore
942 353 1021 405 [1101

247 455 301 496 avide
311 457 388 498 hausit:
404 457 437 497 sed
446 456 514 510 poculo
524 456 557 495 vix
567 460 623 509 epoto
640 470 680 509 prae
696 457 761 497 dolore
773 473 857 511 gemens,
867 472 938 507 vereor,
948 457 1018 510 inquit,

246 524 271 550 10
280 516 339 563 potus
355 512 435 552 hicvita
451 525 480 551 me
497 511 576 550 exuerit.
599 510 648 550 Mox
664 523 735 564 equum
752 514 882 554 conscendens
896 512 1018 554 Munnodam

246 566 373 620 municipium
385 580 447 615 suum,
456 565 506 617 quod
514 564 598 604 millibus
604 579 696 618 passuum
704 566 778 606 circiter
785 568 890 609 duodecem
900 568 954 609 abest
962 566 1018 607 Dub-

246 619 306 669 linna,
316 623 377 675 petit:
393 633 431 673 quo
441 634 485 659 cum
494 620 578 660 venisset
587 620 611 660 ad
621 624 704 669 noctem,
712 620 812 662 Catholico
822 624 918 664 sacerdote
928 622 1019 664 accersito

246 680 316 716 exactae
326 676 370 715 vitae
380 675 521 724 conscientiam,
532 678 647 728 peccataque
663 690 697 715 sua
713 675 810 728 patefacit,
820 682 880 718 sectas
896 683 916 719 et
930 679 1016 726 haereses,

246 744 292 782 quas
302 744 324 770 eo
334 743 395 782 usque
411 729 449 769 fuit
465 734 549 779 secutus,
566 729 677 779 detestatur,
688 730 806 771 Catholieam
820 731 932 786 religionem
946 732 1017 786 proles-

245 798 283 833 sus,
294 788 313 824 et
323 799 334 824 a
343 784 440 825 sacerdote
450 784 536 837 expiatus
546 784 612 824 eadem
621 789 678 825 nocte
688 785 770 825 animam
780 786 851 826 effluet

271 838 419 879 Clarnichardus
435 839 503 879 Comes
520 840 622 892 ingruente
641 854 675 893 per
692 839 789 880 Iberniam
806 842 945 894 persecutione,
961 857 980 882 se
996 842 1017 881 in

243 893 336 946 Angliam
346 894 433 942 contulit,
444 894 595 946 persecutionem
605 895 717 944 evitaturus,
728 895 761 934 sed
770 895 828 949 longe
838 900 906 949 preter
916 902 987 946 votum,
998 901 1017 936 01

243 948 353 1001 opinionem
362 949 390 989 illi
399 949 486 1002 contigit.

414 1056 479 1090 Incidit
487 1056 505 1089 11
514 1055 591 1100 Scyllam
601 1056 672 1100 cupiens
680 1056 736 1089 vitare
745 1055 847 1100 Oarybdim.

242 1152 292 1192 Eum
317 1153 369 1192 enim
387 1150 471 1192 Jacobus
488 1166 499 1191 a
514 1151 552 1191 fide
569 1154 653 1191 avertere
670 1154 755 1191 conatur.
786 1151 817 1191 Ob
834 1152 885 1204 quod
901 1151 934 1191 ille
948 1152 1017 1192 anxius

242 1207 408 1247 vehementissimo
418 1206 485 1246 morbo
495 1220 598 1259 oppressus
608 1205 713 1245 decumbit.
740 1205 777 1245 Est
787 1206 853 1246 comiti
863 1207 933 1259 conjux
948 1220 1018 1259 genere

241 1262 306 1315 Angla
316 1276 377 1316 nuper
386 1261 411 1302 ad
427 1261 484 1301 fidem
500 1275 596 1309 conversa,
612 1264 714 1314 postquam
723 1260 752 1300 illi
762 1262 834 1315 nupsit,
845 1275 887 1314 quae
896 1261 960 1301 mariti
970 1275 1016 1302 casu

242 1321 338 1357 commota
357 1316 452 1357 Jacobum
469 1315 540 1365 adiens,
557 1315 580 1355 ad
596 1316 676 1369 ejusque
692 1315 749 1368 pedes
767 1330 787 1355 se
803 1316 899 1370 dejiciens,
915 1320 934 1356 et
948 1315 1016 1356 misere

241 1372 289 1412 fiens
299 1376 361 1425 rogat,
371 1386 395 1412 ne
405 1386 426 1411 se
435 1370 489 1411 orbet
498 1371 573 1419 marito,
585 1371 618 1424 qui
628 1369 673 1411 sane
683 1371 741 1411 vitam
751 1375 813 1412 morte
823 1377 974 1411 commutaturus
984 1372 1016 1421 sit,

177 1423 233 1466 [ml
242 1427 258 1467 si
277 1428 340 1480 gentis
358 1441 404 1476 suae,
421 1427 564 1480 majorumquell
588 1425 699 1479 religionem
718 1426 804 1466 venerari
827 1425 957 1480 prohibeatur,
976 1441 1015 1467 neu

241 1482 308 1522 comiti
316 1481 457 1522 Olanrichardae
472 1481 512 1520 viro
529 1481 639 1530 clarissimo,
649 1482 685 1521 uni
699 1495 722 1521 ex
730 1480 814 1521 Iberniae
822 1481 947 1535 principibus,
958 1482 1013 1535 cujus

241 1537 308 1585 multa,
319 1541 339 1577 et
348 1537 411 1589 ampla
420 1536 487 1575 merita
495 1536 517 1575 in
532 1535 608 1587 Angliae
624 1550 679 1588 reges
695 1535 805 1586 extiterunt,
821 1536 922 1576 interdicat
939 1537 1012 1577 001011-

241 1592 305 1645 gione,
317 1605 374 1644 quam
383 1591 461 1631 infimus
471 1591 533 1639 etiam,
545 1594 564 1630 et
580 1590 726 1630 obscurissimus
742 1590 823 1644 quisque
838 1591 953 1631 lbernorum
967 1593 1011 1631 reti-

241 1650 280 1695 net,
291 1647 343 1695 colit,
354 1650 373 1686 et
387 1646 492 1699 profitetur.
521 1645 571 1684 Cum
586 1659 619 1684 rex
634 1645 743 1693 indicasset,
761 1659 781 1685 se
798 1646 899 1686 comitissae
908 1646 1012 1699 lachrymas

240 1701 332 1750 miserari,
342 1701 374 1740 illa
391 1700 459 1740 marito
472 1699 535 1748 101011,
552 1713 592 1739 101
608 1714 654 1749 0000,
673 1699 796 1752 quamobrem
812 1700 891 1754 amplius
901 1701 973 1750 timeat,
988 1716 1013 1742 ne

239 1759 318 1809 propter
328 1755 440 1808 religionem
449 1754 537 1794 molestia
546 1754 645 1794 afficiatur.
676 1754 720 1798 Quo
730 1754 762 1794 ille
771 1755 843 1796 nuncio
852 1760 947 1795 recreatus
957 1758 1013 1809 capit

239 1811 354 1863 egritudine
372 1810 437 1850 levari.
469 1809 565 1849 Nondum
583 1813 648 1849 tamen
667 1809 705 1849 1111
723 1809 747 1848 ad
766 1810 865 1862 pristinam
884 1810 1012 1851 valetudinem

238 1866 346 1915 restitutus,
357 1879 401 1905 cum
415 1865 436 1904 in
453 1864 514 1917 majus
530 1865 575 1903 vitae
592 1863 694 1904 discrimen
711 1879 722 1903 a
737 1863 892 1905 Protestantibus
905 1865 1011 1915 deducitur,

239 1921 286 1960 dum
299 1934 395 1960 venenum
413 1919 456 1959 cibo
471 1918 605 1959 absconditum
620 1919 649 1958 illi
665 1918 802 1971 comedendum
820 1919 921 1973 praebetur,
932 1934 969 1973 quo
984 1921 1011 1961 ill'

238 1976 272 2029 pili
287 1976 356 2029 capitis
375 1989 441 2015 omnes
460 1973 578 2014 (1010101111
597 1977 616 2013 01
633 1974 675 2027 ipse
694 1978 792 2027 aegrotare,
810 1975 907 2015 doloribus
927 1976 1012 2024 cruciari,

237 2030 334 2070 tabescere
354 2031 421 2083 caepit:
446 2029 559 2082 magnisque
583 2028 714 2069 curationibus
737 2028 828 2070 adhibitis
848 2029 908 2083 longo
927 2034 1012 2084 tempore

237 2090 334 2125 transacto
344 2086 376 2124 vir.
384 2085 439 2137 signa
449 2084 514 2124 salutis
524 2083 615 2123 ostendit.
630 2084 663 2123 Ad
674 2084 715 2123 haec
725 2085 769 2137 quia
783 2084 846 2124 noluit
855 2085 905 2138 regis
916 2099 1011 2125 summum

237 2140 370 2193 pontificatum
376 2139 500 2193 jurejurando
510 2140 627 2188 confirmare,
638 2138 755 2179 Gonnachtae
763 2139 927 2180 administratione
937 2139 1011 2181 abdica-

237 2202 275 2234 tur.
297 2195 377 2235 Possem
388 2209 423 2248 ego
434 2194 508 2234 comitis
518 2193 581 2246 ampla
590 2193 683 2233 beneficia
692 2194 713 2233 in
722 2194 799 2246 Angliae
809 2209 898 2234 coronam
905 2209 1011 2245 numerare,

236 2250 269 2290 sed
278 2250 321 2303 ipse
330 2264 395 2290 secum
404 2249 438 2289 illa
446 2253 527 2303 reputet,
539 2254 558 2289 et
568 2249 635 2289 merita
644 2262 688 2288 cum
699 2249 781 2301 praemiis
791 2250 880 2290 conferat.

259 2402 267 2418 *
281 2401 350 2434 Gerald
358 2399 454 2433 succeeded
462 2399 479 2432 in
489 2401 539 2437 1599,
548 2398 582 2431 and
591 2398 631 2431 died
637 2397 655 2430 in
664 2398 713 2430 1611.
738 2397 767 2431 Ηο
775 2399 853 2432 married
861 2399 883 2443 by
891 2399 1009 2443 dispensation

236 2447 283 2481 from
291 2446 322 2479 the
331 2446 387 2488 Pcpe,
395 2446 422 2478 his
431 2445 495 2477 second
502 2444 570 2482 cousin,
578 2442 674 2476 elizabeth
683 2441 761 2486 Negent,
768 2444 854 2489 daughter
861 2445 881 2477 of
887 2444 1010 2488 Christopher,

236 2492 287 2525 ninth
296 2490 348 2524 Lord
356 2490 427 2527 Delam,
433 2489 468 2522 and
476 2489 496 2522 01
499 2489 552 2533 Mary
561 2487 671 2533 Fitzgerald‚
681 2486 768 2531 daughter
775 2489 795 2521 cf
801 2490 831 2522 the
839 2490 883 2523 Earl
891 2489 965 2527 Gerald,
971 2489 1009 2521 who

236 2537 334 2570 recovered
342 2536 372 2568 the
379 2535 440 2578 family
449 2534 513 2567 honors
519 2534 576 2567 under
584 2533 645 2572 Queen
654 2532 712 2576 Mary.
726 2533 764 2566 The
774 2533 861 2568 Gountess
869 2534 965 2568 Elizabeth
973 2545 1009 2566 was

236 2582 281 2615 born
288 2582 307 2614 in
315 2582 346 2614 the
355 2581 419 2614 Tower
434 2578 455 2612 01
467 2579 541 2612 London
548 2591 553 2619 3
567 2578 597 2611 she
605 2579 639 2611 lost
647 2577 680 2610 her
689 2577 729 2620 only
740 2588 772 2611 son
780 2578 798 2612 in
808 2581 863 2613 1620:
874 2580 922 2612 from
930 2579 961 2611 her
969 2578 1009 2611 hus-

235 2627 296 2660 hand's
306 2626 359 2659 death
364 2630 382 2659 to
393 2626 443 2663 1642,
451 2624 483 2657 her
491 2624 554 2657 castles
562 2634 608 2656 were
617 2628 628 2643 ‘⁵
634 2622 666 2654 the
674 2622 740 2666 asylum
749 2623 770 2656 of
775 2624 799 2657 all
807 2624 911 2668 persecuted
919 2623 1009 2657 Catholics

236 2672 272 2705 and
285 2670 306 2704 of
318 2671 414 2704 converted
428 2669 557 2708 Protestants,’¹
571 2679 589 2701 00
602 2668 642 2700 that
655 2666 696 2710 they
709 2678 754 2700 were
763 2669 820 2702 called
827 2669 849 2713 by
858 2669 888 2701 the
896 2669 1008 2702 Protestants

237 2722 249 2739 “
255 2717 302 2750 sinlis
310 2716 331 2749 01
336 2716 388 2755 hell?
401 2714 490 2748 “sentinae
503 2714 584 2746 infernis
608 2711 676 2745 Father
685 2712 765 2746 Maurice
774 2713 836 2753 ward,
844 2714 862 2746 in
873 2725 884 2746 a
896 2713 938 2747 MS.
947 2713 1008 2747 shetch

237 2761 258 2794 or
263 2762 293 2795 the
301 2761 332 2794 life
342 2761 362 2794 ot
368 2760 443 2794 Francis
451 2759 539 2803 Slingsby,
547 2759 566 2791 in
573 2758 604 2791 the
612 2756 684 2789 editor’s
692 2758 795 2801 possession,
804 2759 852 2803 gives
860 2769 871 2790 a
878 2769 919 2803 very
928 2759 1009 2793 interest

236 2807 351 2886 1111
359 2801 1008 2891 1111111111111111111111111

236 2884 327 2930 toritatem
336 2907 385 2929 suam
394 2903 477 2938 tanquam
485 2893 565 2927 umbram
573 2891 666 2936 praebuit-'¹
691 2893 729 2926 The
737 2874 780 2926 rlext
788 2893 826 2926 heir
834 2893 864 2926 fell
871 2893 909 2927 into
918 2895 947 2929 the
953 2873 1008 2928 hands

237 2941 258 2974 of
264 2941 293 2974 the
300 2944 351 2984 great
360 2941 396 2974 eorl
405 2941 426 2974 01
432 2939 486 2973 bork.
799 2948 800 2951 ’
834 2957 836 2960 -
