2237 3535
125 377 168 404 ear.
179 363 218 413 ra]
286 376 313 402 on
323 375 418 407 ouaruon
428 376 499 406 prunis
509 375 667 404 rnnsnonrronrs
677 375 768 403 annonis.
854 367 892 406 277

122 476 201 521 struere,
211 473 319 526 patibulum
329 474 405 529 erigere,
416 475 486 516 milites
499 475 564 515 adesse
574 472 669 527 supplicio
679 472 780 513 cernendo.
808 473 893 514 Felmius

122 541 166 568 cum
176 528 283 581 intrepidus
301 530 365 570 animo
382 535 400 571 et
415 530 471 571 vultu
487 530 552 571 hilaris
562 529 587 570 ad
599 541 696 568 summum
706 527 787 580 gradm
801 527 893 569 scalarum

122 582 193 635 quibus
202 583 224 623 in
239 583 312 624 uncam
329 585 471 636 ascendebatur,
486 586 552 638 jussus
567 582 691 638 pervenisset,
705 582 813 623 Catholieos
828 597 894 623 omnes

122 637 156 690 qui
165 637 250 688 aderant,
261 639 317 680 etiam
327 643 384 694 atque
393 642 451 682 etiam
460 642 582 681 vehementer
593 641 655 692 rogat,
666 641 688 677 ut
698 652 733 691 pro
742 638 785 691 ipsc
794 652 860 691 preces
870 639 894 679 ad

122 692 186 732 Deum
197 693 301 735 offundant.
331 695 379 736 Mox
392 696 482 750 imposito
491 696 560 749 laqueo
570 694 626 743 collo,
637 707 647 733 e
657 692 708 733 scala
717 693 820 733 devolutus
830 708 841 733 a
854 697 893 733 tor-

121 751 168 797 tore,
179 748 274 803 paulisper
283 750 365 804 pendet:
376 752 462 792 nondum
470 750 517 791 hene
527 749 658 803 strangulatus
669 749 728 789 scisso
737 748 784 788 fune
793 749 814 788 in
823 752 893 788 terram

122 802 232 852 dimittitur,
248 803 282 845 ubi
300 805 381 859 pedibus
397 819 437 847 sese
454 806 539 860 accepit:
556 805 650 859 illumque
670 804 754 844 carnifex
772 807 893 858 prosternere

120 857 192 898 frustra
202 864 286 909 conatur,
297 861 357 901 donec
374 861 406 901 alii
419 865 459 902 tres
474 861 503 901 illi
517 861 596 901 veniant
611 859 688 909 auxilio,
699 859 752 914 quod
765 873 842 912 magnae
855 859 894 899 fuit

121 912 228 954 astantibus
238 915 357 956 admirationi
369 916 416 968 (erat
426 916 477 957 enim
486 916 558 956 viribus
568 915 648 963 validus,
664 914 714 955 sicut
731 918 750 955 et
767 914 844 968 elegans
854 917 892 955 sta-

120 969 164 1008 turd
173 969 258 1023 facieque
267 970 355 1024 pulcher)
363 971 413 1011 illico
420 972 461 1024 ejus
468 971 557 1023 pudenda
566 970 632 1011 evulsa
641 972 702 1010 tortor
711 970 732 1009 in
741 970 807 1023 ignem
817 970 883 1023 dejicit
885 987 892 1019 ,-

119 1028 201 1077 postque
218 1039 265 1065 caeso
282 1030 347 1065 ventre
364 1026 401 1066 ilia.
430 1025 562 1066 Nihilominus
578 1028 650 1078 martyr
666 1025 748 1065 eundem
764 1025 804 1065 laeti
818 1025 891 1074 vultus,

119 1079 171 1119 vocis
182 1094 224 1132 quae
234 1080 319 1120 habitum
334 1094 433 1134 nunquam
449 1081 536 1130 mutavit,
553 1080 662 1121 Catholicos
678 1094 752 1133 semper
765 1081 857 1134 rogitans,
868 1084 891 1120 ut

118 1133 183 1186 ipsum
192 1134 309 1176 orationibus
324 1135 424 1189 juvarent:
440 1135 607 1176 circumstantibus
624 1149 669 1174 cum
684 1135 721 1175 hoc
734 1149 823 1188 magnam
838 1150 890 1176 com-

118 1189 179 1229 movit
188 1189 337 1240 admirationem,
347 1194 391 1230 tum
405 1194 461 1231 terra
474 1194 538 1230 motus
554 1194 607 1231 ortus
624 1189 669 1229 dum
687 1194 759 1244 martyr
772 1190 890 1230 afficiebatur

118 1244 211 1297 supplicio
227 1246 326 1298 ingentem
341 1248 433 1286 terrorem
451 1245 537 1285 incussit.
569 1245 620 1285 Cum
638 1245 722 1284 carnifex
741 1249 807 1298 pectus
827 1245 890 1286 cultro

118 1303 196 1349 secaret,
206 1304 310 1340 extremam
319 1314 386 1340 vocem
404 1300 468 1340 emisit
477 1299 618 1340 Oatholicorum
628 1299 723 1339 orationes
732 1300 836 1353 implorans
849 1304 889 1340 tor-

117 1357 216 1408 toremque
226 1359 293 1408 petens
302 1358 324 1395 ut
334 1354 413 1395 celerius
429 1368 500 1395 munus
514 1354 608 1407 impleret.
636 1353 721 1394 Tandem
731 1355 787 1395 corde
797 1369 807 1395 a
816 1358 890 1395 tortore

117 1409 188 1458 evulso,
199 1410 220 1449 in
232 1410 366 1461 flammamque
375 1410 460 1462 projecto
471 1408 555 1449 Creatori
565 1409 654 1462 spiritum
663 1408 747 1449 reddidit
756 1409 837 1449 Leffiriae
852 1412 889 1451 27⁰

117 1463 148 1503 die
164 1464 288 1517 Septembris,
298 1463 350 1503 AD.
369 1466 428 1505 1608.
458 1462 498 1503 Sub
513 1463 564 1504 idem
579 1468 655 1517 tempns
671 1463 770 1503 Johannes
787 1464 890 1504 O'Kahani

117 1517 173 1567 flius,
185 1519 219 1571 qui
229 1519 274 1559 huic
284 1518 334 1558 bello
348 1519 436 1559 interfuit
455 1517 536 1558 similem
545 1522 626 1559 mortem
636 1518 713 1571 cogitur
722 1518 786 1559 subire
795 1518 890 1572 Dungan-

116 1573 174 1622 ninae,
185 1574 232 1613 dum
241 1573 291 1626 regis
310 1573 440 1627 principatum
456 1573 477 1612 in
496 1573 575 1613 ecclesia
587 1572 711 1626 jurejurando
731 1574 841 1614 confirmare
850 1588 891 1614 non

117 1628 165 1668 vult.
197 1628 274 1668 lhidem
291 1627 369 1668 Donato
389 1628 435 1668 Mac
454 1627 535 1677 Criedio,
555 1627 658 1668 O’Kahani
674 1628 771 1681 capellano
790 1629 891 1669 haereticus

116 1683 175 1723 vitam
185 1687 204 1723 ct
214 1683 340 1723 ecclesiastica
350 1682 440 1724 beneficia
457 1688 480 1722 ut
496 1682 614 1724 Catholicam
625 1683 722 1723 ecclesiam
733 1684 832 1733 desereret,
847 1684 890 1737 pol-

89 1770 90 1776 ,
115 1737 190 1778 licetur.
220 1737 284 1782 Quam
293 1738 422 1778 conditionem
432 1752 476 1778 cum
486 1737 574 1778 Donatus
593 1739 728 1779 incunctanter
737 1739 888 1792 contempsisset,

116 1792 203 1846 patibulo
213 1807 317 1847 suspensus
333 1794 354 1833 iri
370 1793 455 1833 membra
470 1792 567 1833 dividitur.
596 1793 634 1834 Per
644 1793 721 1833 eosdem
731 1794 770 1834 dies
780 1795 812 1834 alii
821 1793 888 1834 multis

116 1849 138 1887 in
147 1848 194 1889 locis
204 1849 269 1889 eadem
287 1848 310 1888 de
325 1849 383 1888 causa
398 1851 460 1888 morte
476 1847 592 1900 plectrmtur.
621 1847 747 1902 Rayrnundus
758 1848 888 1889 O’Mellarcus

115 1903 217 1956 praefectus
227 1902 348 1956 provincialis
358 1902 430 1943 ordinis
440 1902 538 1955 Seraphiei
546 1903 567 1943 in
577 1902 661 1952 Ibernia,
676 1903 709 1956 qui
723 1903 791 1943 iisdem
801 1903 887 1944 motibus

115 1958 209 2008 interfuit,
220 1957 254 1998 diu
269 1956 413 2009 diligentissime
430 1956 454 1997 ab
470 1957 545 2010 Anglis,
557 1958 668 1998 centurione
684 1962 702 1998 et
719 1959 797 2012 optione
806 1959 887 1999 circum-

115 2013 197 2053 venitnr.
227 2012 287 2052 Hunc
296 2012 362 2051 stricto
379 2012 463 2065 pugione
479 2012 588 2052 confossum
600 2013 704 2065 prosternit
710 2030 716 2063 3
731 2013 760 2053 illi
768 2013 814 2054 facit
824 2014 887 2066 optio-

115 2082 160 2108 nem
169 2072 235 2107 utrum
244 2066 298 2107 malit
307 2067 357 2106 ferro
367 2081 411 2106 cum
417 2068 460 2120 ipso
470 2067 566 2119 congredi,
577 2082 602 2107 an
610 2067 674 2121 ipsum
683 2067 765 2108 liberum
773 2068 886 2109 dimittere?

115 2122 206 2163 Centurio
216 2121 322 2162 consultius
332 2136 372 2162 esse
380 2121 459 2174 judicat,
470 2121 575 2174 periculum
586 2122 661 2171 evitare,
669 2135 726 2176 quam
735 2123 789 2163 illum
799 2123 885 2176 aggredi,

116 2178 149 2229 qui
164 2191 227 2217 unum
243 2191 262 2216 se
278 2176 354 2216 duobus
370 2191 434 2230 parem
451 2190 491 2216 esse
507 2176 592 2217 credidit.
622 2176 746 2231 Raymundus
763 2178 799 2218 lroc
814 2178 886 2219 etaliis

114 2232 203 2284 periculis
213 2231 312 2272 declinatis
321 2232 342 2271 in
353 2231 466 2286 Hispaniam
477 2232 553 2272 secessit
559 2249 565 2282 3
580 2231 615 2272 ubi
624 2232 666 2273 haec
679 2232 702 2273 ab
719 2247 742 2272 eo
752 2233 821 2287 magna
831 2238 885 2286 parte

115 2285 220 2341 Hispaniae
230 2287 300 2340 scripta
309 2286 370 2327 vidi.l

137 2456 145 2471 *
159 2453 198 2487 The
212 2453 262 2487 Four
276 2452 353 2486 Masters
367 2457 417 2491 state,
430 2452 449 2485 in
462 2454 540 2496 general,
555 2453 612 2486 “that
625 2457 644 2485 at
657 2453 692 2486 this
705 2453 747 2486 time
761 2464 811 2498 many
823 2453 845 2486 of
853 2455 884 2488 the

114 2498 279 2589 Ξξὲεᾶιῐῆξηεὲἒῗξὲοδ
288 2499 377 2563 province,
391 2503 420 2532 too
435 2508 529 2531 numerous
543 2503 562 2532 to
576 2499 598 2532 be
611 2498 753 2543 particularized,
761 2510 806 2533 were
820 2504 884 2543 putto
