2237 3535
226 380 252 419 40
362 379 498 421 o’sonnnrnnr
512 392 613 420 ursionem
624 392 750 431 crannonem,
760 392 808 421 roni.
824 393 838 419 1.
904 378 954 430 [nna.
971 391 999 418 rr.

224 484 291 535 nandi,
305 486 358 540 quod
373 486 435 527 multa
444 486 492 526 falsa
502 489 577 538 canant,
588 488 607 524 et
616 498 651 524 sno
661 485 743 539 quisque
752 485 855 527 Maecenati
869 483 940 538 primas
949 483 1000 524 dele-

224 545 275 591 rant,
285 555 330 583 uera
337 545 356 582 et
365 545 441 582 vetusta
449 540 549 581 violantes.
579 539 649 580 Musici
670 539 716 580 clari
726 542 808 581 maxime
817 541 857 595 lyra
871 543 890 580 et
900 542 999 592 tympano.

226 595 269 637 Nec
279 597 350 637 mirum
361 614 365 637 ι
380 611 425 637 nam
436 600 458 636 ut
468 595 598 636 sacerdotibus
609 594 736 635 ecclesiastiea
745 596 818 637 tributa
824 595 854 636 vel
861 594 951 635 beneficia
957 593 999 633 des·
1039 628 1041 630 .

224 651 320 701 tinantur,
334 652 361 691 ita
372 651 478 705 judicibus,
493 651 595 699 historicis,
606 649 690 699 medicis,
701 650 769 703 poetis,
779 651 858 692 musicis
875 648 946 704 praedia
955 663 998 690 vee-

224 707 292 760 tigalia
302 705 332 748 vel
342 706 378 747 alia
383 707 462 759 praemia
471 709 518 746 sunt
528 705 638 746 constitua

551 907 608 949 OAP.
624 908 661 948 IV.

482 1014 511 1048 De
519 1014 624 1048 lbernorum
632 1013 733 1059 Religione.

221 1113 253 1153 Dn
268 1116 333 1153 nostra
349 1112 447 1165 religione,
457 1110 566 1152 constantia
579 1109 600 1150 in
614 1109 651 1149 fide
661 1110 765 1161 Oatholica,
776 1112 896 1155 observantia
905 1115 926 1155 in
936 1130 996 1157 sacer·

221 1168 275 1208 dotes
294 1167 429 1220 longissimum
443 1166 562 1207 foreldicere
572 1165 642 1205 omnio.
671 1165 780 1207 Tacendum
792 1169 871 1209 omnino
880 1184 920 1210 non
930 1171 996 1223 putavi

221 1222 292 1263 summi
303 1222 403 1263 Pontificis
415 1222 500 1263 Romani
510 1221 591 1261 ductum
599 1234 700 1274 nunquam
714 1221 780 1263 lberni
795 1223 926 1274 desemerunt,
936 1239 996 1277 quan-

221 1281 348 1331 tumcumque
356 1277 476 1318 miseriarum
483 1275 604 1330 pertrderint,
615 1279 634 1316 et
648 1276 722 1316 cruoris
732 1277 834 1319 effuderint
841 1278 865 1318 ab
875 1279 969 1320 haereticis
977 1284 995 1320 et

220 1332 307 1374 barbaris
319 1333 402 1373 maxime
411 1333 482 1386 Anglis
497 1332 619 1372 vehementer
628 1330 719 1384 impetiti.
749 1332 807 1377 Quod
818 1348 841 1374 ex
850 1334 936 1387 longiore
950 1349 995 1375 nos-

219 1391 254 1429 trae
269 1388 356 1429 historiae
369 1388 416 1429 serie
426 1387 504 1441 plenius
514 1385 619 1441 apparebit.
648 1386 696 1427 Non
710 1388 767 1429 modo
777 1388 890 1442 Episcopus,
905 1394 924 1430 et
934 1404 995 1431 saeer-

221 1443 277 1484 dotes
287 1443 365 1492 violare,
376 1443 410 1483 sed
418 1443 476 1484 etiarn
486 1443 511 1483 ad
525 1455 593 1481 eornm
601 1444 672 1481 nutum
682 1445 701 1480 et
710 1442 813 1496 imperium
819 1458 860 1484 non
867 1445 995 1485 ominafacere

220 1513 319 1539 summum
332 1499 386 1539 nefas
405 1498 487 1538 ducunt.
515 1495 595 1550 Templa
610 1496 659 1536 miro
669 1496 724 1537 cultu
737 1503 858 1549 venerantur,
869 1505 928 1553 etpro
938 1501 995 1553 asylis

220 1553 313 1595 inviolata
321 1553 399 1603 habent,
407 1567 470 1607 nsque
481 1553 528 1593 adeo
537 1555 561 1591 ut
570 1551 659 1592 hostibus
669 1551 692 1592 ad
700 1566 722 1591 ea
727 1552 847 1606 fugientibus
857 1556 932 1595 veniam
942 1555 994 1595 dent.

221 1609 271 1649 Satis
287 1612 316 1649 est
325 1609 446 1662 exploratam
464 1609 486 1648 in
501 1606 586 1661 quodam
594 1606 677 1647 iberniae
691 1608 763 1661 populo
772 1609 832 1649 hrisse
846 1609 892 1650 duas
902 1610 994 1651 factiones

220 1664 328 1704 vicinorum
334 1664 388 1716 parvi
393 1664 477 1704 nominis
485 1663 518 1703 sed
524 1661 636 1715 inexpiabili
642 1662 686 1702 odio
695 1667 714 1701 et
723 1663 930 1706 inimicitiaacerrimas.
947 1665 992 1715 Qui,

220 1718 339 1773 ubicumque
357 1717 437 1767 fiebant,
457 1718 515 1767 obvii,
535 1718 613 1769 utrique
629 1715 698 1756 alteros
723 1719 773 1759 ferro
796 1719 836 1760 dire
853 1724 873 1760 et
891 1720 993 1761 crudeliter

203 1800 207 1807 -
220 1773 480 1828 eneipiebant‚praeterquam
486 1771 538 1826 qdod
545 1770 675 1820 diebusfestis,
683 1771 766 1813 induciis
772 1775 828 1815 factis
835 1774 856 1814 in
862 1789 923 1815 unum
930 1779 992 1828 temp·

167 1827 214 1870 [38·]
219 1828 353 1870 lumcoeuntes
358 1829 436 1881 pacifice
443 1841 542 1869 sacrorum
548 1825 779 1869 solemnibusintererant.
790 1828 819 1869 Ut
825 1829 990 1883 breviterdieanr,ll

218 1884 263 1924 licet
272 1884 337 1924 omnia
346 1884 382 1924 alia
388 1887 505 1932 evertantur,
515 1881 584 1922 Fidem
592 1884 657 1921 tamen
666 1881 784 1924 Oatholicam
794 1885 837 1937 puri
847 1890 866 1924 et
880 1886 953 1938 spnceri
963 1900 991 1926 re-

219 1939 287 1988 tinent,
295 1938 368 1979 nnllam
374 1952 461 1993 unquam
470 1937 559 1979 haeresim
569 1936 683 1990 accipientes
698 1942 732 1978 aut
741 1939 848 1980 reddentes.

552 2156 609 2196 GAP,
625 2157 650 2196 V.

217 2264 324 2299 Ibernorum
341 2262 432 2296 conversio
441 2262 464 2294 ad
472 2261 537 2339 Fidan
546 2262 691 2340 &mmmmm
705 2264 808 2296 cavernulas
817 2268 835 2296 et
848 2264 925 2307 firmitas,
935 2271 988 2311 atque

521 2311 615 2341 itterarmn
626 2311 655 2341 stu
669 2308 691 2340 ἐι.

215 2407 247 2446 An
257 2406 316 2446 fidem
323 2419 369 2445 vero
374 2404 415 2457 jam
422 2403 469 2443 olim
475 2407 521 2443 sunt
531 2405 618 2445 conversi
628 2404 661 2445 sed
671 2418 746 2445 summa
756 2404 875 2455 difficultate,
884 2411 988 2461 postquam

215 2461 330 2502 Christianae
340 2460 389 2500 lucis
403 2473 445 2500 non
459 2458 518 2499 modo
535 2458 662 2500 divinationes
675 2462 694 2500 et
711 2459 812 2500 conciones
826 2462 933 2512 audierunt,
955 2465 989 2504 sed

215 2517 272 2558 etiam
289 2518 402 2570 argumenta
411 2514 521 2567 conspicua,
530 2517 549 2554 et
558 2515 688 2568 experimenta
697 2519 817 2567 acceperunt.
846 2516 936 2570 Namque
945 2522 988 2559 tum

215 2586 258 2612 eum
266 2585 333 2612 omnes
344 2570 415 2611 delusae
424 2568 539 2622 gentilitatis
549 2570 644 2611 erroribus
658 2570 704 2610 caeci
713 2569 834 2619 tenebantur,
844 2571 950 2612 floruerunt
957 2574 987 2613 in-

215 2631 243 2666 ter
258 2626 302 2667 illos
319 2625 356 2666 viri
369 2630 388 2667 et
400 2624 483 2666 feendnae
489 2625 607 2666 vaticinandi
621 2625 691 2678 spiritu
705 2623 773 2673 inflati,
788 2626 823 2678 qui
839 2625 863 2666 de
872 2626 956 2667 Domino
965 2629 987 2668 in

215 2681 310 2722 mundum
319 2685 406 2730 venturo,
419 2695 443 2721 ex
457 2680 531 2734 virgine
539 2680 643 2728 nascituro,
651 2683 671 2719 et
678 2679 784 2719 humanum
794 2694 855 2733 genus
864 2681 987 2736 redempturo

215 2736 276 2776 multa
286 2737 356 2789 quibus
366 2735 433 2776 lberni
442 2735 501 2776 fidem
510 2735 613 2784 habebant,
624 2734 760 2788 praedixerunt.

240 2791 335 2831 Praeterea
344 2795 436 2845 regnante
441 2790 462 2831 in
473 2790 553 2832 Ultonia
565 2790 667 2830 Conchure
676 2803 727 2841 rege,
735 2788 832 2829 Conaldus
845 2789 923 2831 Carnius
930 2794 986 2846 pugil

212 2845 284 2886 nobilis
294 2847 363 2894 animo,
376 2846 483 2900 roboreque
493 2851 587 2899 praestans
603 2859 682 2899 peregre
692 2843 789 2897 proiectus
806 2849 912 2885 exterarum
921 2861 985 2888 rernm

212 2900 322 2953 cognitione
339 2901 426 2954 flagrans,
441 2904 545 2954 postquam
558 2915 625 2942 rursus
637 2900 659 2940 in
669 2898 772 2949 Iberniam,
787 2902 873 2940 revectus
883 2905 917 2950 est,
934 2902 984 2957 Regi

210 2956 277 2997 retulit
288 2970 308 2996 se
318 2955 440 3009 ierosolymis
450 2958 515 3006 luisse,
522 2956 630 3010 vidisseque
640 2954 739 2995 hominem
746 2956 778 3008 qui
788 2954 891 2997 vocabatur
901 2956 914 2997 J
915 2972 957 2999 esus
965 2965 985 2999 et
