2237 3535
103 404 146 431 car.
162 390 191 442 u]
320 405 346 432 nr
360 405 423 433 arrato
438 406 556 437 onrnnncru
571 404 679 433 nruonunr.
834 393 873 431 191

102 501 181 554 peritus,
192 504 212 541 et
222 500 273 553 quod
282 501 325 542 raro
334 502 354 543 in
370 503 483 557 imperatore
498 502 590 551 invenies
608 501 688 542 consilio
705 499 768 550 simul,
783 505 803 540 et
817 501 875 541 animi

102 556 236 609 magnitudine
245 560 343 609 praestans,
355 558 376 599 in
385 558 442 599 rebus
452 558 541 599 secundis
551 561 619 598 cautus
625 574 631 607 ς
645 557 667 597 in
675 555 757 596 adversis
771 557 874 605 animosus,

102 612 124 651 in
132 612 200 661 victos,
211 614 230 650 et
240 610 345 653 deditiones
354 614 417 654 minus
433 613 584 654 contumeliosus
593 611 662 665 Anglis
672 611 768 665 plerisque
782 612 814 664 qui
824 625 874 651 nun-

103 680 161 719 quam
176 666 263 706 convitiis
278 672 364 721 parcunt.
393 669 462 722 Itaque
479 668 542 722 gentis
558 681 598 707 suae
614 666 685 707 ducum
695 665 755 706 audeo
765 666 874 719 paucosilli

103 721 194 770 conferre,
205 724 319 775 anteponere
328 724 431 777 pauciores.
460 724 507 764 Erat
515 722 600 763 O'Nello
609 734 648 764 nou
658 721 722 762 solum
731 720 809 774 publica
818 735 874 762 causa

103 776 215 829 Religionis,
226 782 246 817 et
254 779 330 832 reginae,
341 779 372 820 sed
383 780 440 820 etiam
449 779 528 833 privatis
543 778 648 819 inimicitiis
666 776 804 817 insanissimus.
833 776 875 817 Dn-

103 831 158 872 cebat
175 836 256 884 quatuor
272 834 337 884 millia,
348 838 366 874 et
376 835 491 887 quingentos
504 834 579 888 pedites
594 832 629 874 sub
640 832 700 886 signis
711 831 844 885 quadraginta,
856 835 875 871 et

103 886 183 927 totidem
193 887 299 928 cohortium
310 888 396 938 ducibus,
404 889 521 942 optionibus,
530 888 631 942 signiferis,
641 893 661 928 et
670 886 781 936 tesserariis,
792 891 812 927 et
822 886 874 939 equi-

102 946 131 981 tes
142 941 257 995 quingentos
274 943 309 984 sub
325 944 383 997 signis
400 948 449 994 octo,
461 959 542 997 qnorum
552 944 642 996 magister
652 947 693 984 erat
702 942 823 995 Monteguus
833 943 874 982 An-

102 996 152 1050 glus.
181 997 207 1037 ln
216 998 304 1039 universo
313 1013 391 1039 numero
397 999 455 1052 paulo
465 999 528 1053 plures
538 999 610 1047 Iberni,
621 1013 679 1052 quarn
688 997 749 1051 Angli
756 997 875 1050 stipendium

102 1051 202 1101 faciebant,
217 1054 301 1094 veterani
318 1068 389 1103 omnes,
399 1054 459 1106 Angli
476 1055 587 1107 superstites
604 1068 675 1102 eorurn,
687 1054 720 1107 qui
730 1052 760 1092 vel
775 1052 823 1093 duce
840 1052 874 1092 Jo-

102 1107 165 1147 hanue
174 1106 253 1148 Norrisc
262 1110 283 1149 in
293 1108 356 1149 Gallia
364 1108 527 1161 belligeraverant,
536 1108 568 1149 vel
577 1109 589 1148 a
597 1109 690 1161 praesidiis
704 1107 787 1161 Belgicis
797 1108 874 1148 fuerant

102 1162 163 1211 acciti,
174 1162 205 1203 rel
214 1162 237 1202 ab
248 1163 307 1217 hujus
316 1163 361 1203 belli
370 1163 464 1217 principio
474 1164 501 1203 rei
510 1163 597 1203 militaris
607 1163 682 1216 regulas
691 1163 712 1203 in
721 1162 799 1203 ibernia
808 1177 873 1215 perce-

101 1223 180 1270 perant:
196 1217 261 1258 lhcrni
271 1232 347 1272 quoquc
357 1218 390 1271 qui
400 1217 436 1257 sub
447 1218 519 1258 bellicae
529 1218 633 1270 disciplina
647 1217 747 1271 praeceptis
757 1218 844 1258 contenti
853 1218 874 1257 in

101 1272 209 1325 legionibus
225 1274 296 1325 reginae
313 1273 429 1325 stipendium
445 1278 540 1312 merentes
554 1287 594 1311 suae
612 1273 689 1312 virtutis
700 1273 814 1312 documenta
823 1270 873 1325 saepe

101 1327 228 1379 praebuerant.
258 1327 320 1368 Erant
329 1327 357 1367 ibi
365 1326 455 1367 nonnulli
463 1328 542 1380 juvenes
552 1327 619 1366 lbcrni
629 1340 698 1380 genere
708 1327 758 1375 clari,
770 1328 874 1380 prasertim

102 1382 217 1422 Melmorrus
232 1381 309 1422 O'Relli
325 1382 416 1434 principis
428 1381 479 1421 filins
489 1381 512 1421 ab
522 1395 584 1421 raram
594 1385 671 1421 staturae
681 1381 800 1434 elegantiam,
812 1386 831 1421 et
840 1381 875 1421 mi-

100 1451 141 1476 ram
146 1437 201 1476 faciei
207 1441 328 1477 venustatem
334 1443 461 1489 cognomento
468 1435 557 1484 Pulcher,
564 1440 583 1475 et
593 1435 742 1488 Ohristophorus
750 1435 874 1476 SanLanren-

100 1491 139 1530 tius
149 1491 231 1530 Baronis
240 1490 300 1531 Hotae
310 1490 366 1530 filius.
396 1489 429 1530 Ibi
438 1490 503 1530 nullus
513 1496 563 1544 tpro,
573 1490 638 1531 nullus
645 1491 719 1531 militiae
728 1490 787 1530 rudis.
803 1490 875 1531 Omnes

102 1545 155 1585 omni
164 1559 234 1597 genere
243 1559 340 1585 armorum
349 1544 493 1585 instructissimi
502 1562 505 1585 :
521 1545 602 1598 pedites,
610 1551 629 1586 et
638 1546 712 1599 equites
719 1546 875 1598 cataphractarii:

100 1599 229 1640 bomhardarii
238 1599 270 1640 alii
279 1599 377 1654 gravibus,
387 1599 419 1640 alii
428 1599 502 1640 leuibus
512 1600 582 1654 sclopis
593 1600 617 1640 ad
625 1615 711 1655 pugnam
717 1600 783 1654 parati,
788 1601 796 1652 ll
805 1601 875 1654 gladic,
883 1600 940 1643 [152]

101 1658 121 1695 et
129 1654 211 1708 pugioni
228 1655 315 1701 accincti,
326 1655 384 1708 galeis
400 1654 462 1711 capita
478 1655 616 1695 munientibus.
645 1657 706 1696 Totus
723 1656 816 1696 exercitus
833 1656 875 1709 plu-

101 1711 148 1762 meis
159 1708 251 1763 apicibus,
262 1711 327 1750 sericis
337 1710 424 1758 baltheis,
431 1711 542 1763 caeterisque
548 1711 661 1751 militaribus
667 1711 776 1764 insignibus
782 1711 875 1764 fulgebat.

101 1762 164 1804 AEnea
180 1764 334 1805 machinamenta
350 1766 396 1805 rotis
413 1764 669 1815 vehebantur,trahentibus
684 1767 743 1818 equis.
773 1765 875 1819 Sulphurei

101 1819 192 1873 pulveris,
200 1819 302 1872 globorum
308 1820 419 1869 ferreorum,
427 1824 484 1873 atque
491 1820 626 1874 plumbeorum
635 1822 664 1861 vis
673 1835 744 1874 magna
754 1820 873 1874 suppetebat.

101 1874 180 1923 Caballi,
190 1874 292 1928 bovesque,
303 1874 383 1915 biscocti
392 1875 452 1927 panis,
464 1875 517 1915 salsae
527 1876 595 1924 carnis,
606 1876 660 1925 casei,
675 1876 746 1929 butyri,
754 1876 835 1915 servitiae
845 1881 874 1915 sat

101 1933 120 1970 et
137 1929 229 1969 exercitui
244 1930 265 1970 in
282 1930 359 1979 victum,
378 1934 397 1969 et
413 1930 452 1970 arci
468 1929 564 1970 Portmori
580 1931 601 1970 in
615 1934 743 1971 commeatum
763 1930 873 1983 portabant.

100 1985 240 2038 impedimenta
249 1985 344 2025 muliones
354 1983 499 2034 comitabantur,
506 1985 595 2034 lixarum,
601 1986 773 2038 pabulatorumque
781 1999 874 2026 numerus

100 2054 181 2092 magnus
195 2039 316 2093 sequebatur.

127 2094 217 2135 Distabat
227 2094 332 2148 atBagnale
341 2093 430 2134 Portrncr
439 2108 472 2135 arx
481 2094 543 2135 tribus
553 2093 636 2135 millibus
646 2109 738 2148 passuum
747 2094 842 2135 Ibernicis
849 2095 873 2136 ab

101 2148 184 2189 O’Nello
202 2148 283 2200 obsessa,
295 2154 314 2190 et
324 2149 386 2189 inedia
401 2148 496 2189 laborans.
526 2150 567 2193 Qui
581 2164 624 2190 cum
640 2151 663 2190 de
682 2149 772 2203 Bagnalis
788 2151 873 2191 adventu

100 2203 229 2253 intellexisset,
240 2209 307 2246 contra
316 2204 371 2245 illum
380 2207 441 2243 castra
448 2209 499 2245 mota
504 2205 557 2245 mille
566 2204 653 2257 passibus
663 2205 714 2245 ultra
722 2205 871 2255 munimentum,

101 2262 119 2298 et
128 2259 179 2299 intra
189 2259 228 2299 duo
237 2260 298 2300 millia
313 2273 402 2314 passuum
413 2258 437 2298 ad
447 2260 562 2300 Armachanr
578 2259 663 2310 collocat,
674 2259 745 2300 relictis
755 2261 827 2313 paucis,
839 2262 872 2313 qui

99 2312 205 2353 Portmoris
221 2320 373 2369 propugnatores
389 2315 521 2366 eruptionibus
535 2314 655 2368 prohibeant.
683 2315 713 2355 Eo
731 2314 760 2354 die
777 2314 877 2356 Catholici

100 2373 233 2413 recensuerant
248 2371 336 2423 pediturn
352 2373 433 2423 quatuor
449 2369 514 2419 millia,
525 2373 545 2410 et
554 2370 676 2422 quingentos,
687 2373 706 2409 et
715 2370 787 2422 equites
797 2371 872 2411 circiter

101 2428 206 2463 sexcentos.
236 2424 329 2466 Interfuit
345 2423 469 2473 O'Donellus,
480 2426 512 2477 qui
527 2424 649 2466 Oonnachtos
659 2425 708 2465 duce
717 2425 762 2465 Mac
772 2424 871 2466 Williamo

100 2478 167 2519 Burlro
177 2479 304 2532 stipendiatus
314 2481 387 2521 circiter
396 2478 454 2528 mille,
465 2484 483 2519 et
496 2479 628 2520 Tirconnellos
637 2495 689 2529 suos,
699 2483 790 2532 utrosque
801 2480 825 2520 ad
835 2495 871 2521 nu-

100 2548 174 2574 merum
184 2534 266 2575 duorum
275 2535 357 2576 millium
374 2534 435 2575 duxit.
464 2534 531 2574 (laeteri
541 2534 653 2586 O'Nellum,
663 2535 703 2588 ejus
712 2535 786 2583 fratres,
796 2539 816 2574 et
826 2550 871 2575 cou-

100 2590 222 2642 sanguineos,
239 2595 258 2630 et
274 2595 373 2644 magnates
390 2603 434 2630 cum
449 2603 471 2629 eo
485 2589 545 2629 reteri
559 2589 602 2642 jure
612 2591 725 2642 conjunctos
734 2589 870 2642 sequebantur.

99 2645 129 2685 Ac
146 2644 203 2698 plane
220 2644 248 2685 eo.
259 2649 373 2687 convenerat
388 2645 449 2685 omnis
466 2643 504 2684 ferd
519 2644 605 2683 Ultoniae
619 2645 689 2685 nobilis
704 2644 802 2697 juventus,
813 2650 872 2699 atque

99 2699 156 2740 multi
172 2700 280 2742 Connaohti
293 2702 373 2755 juvenes
390 2704 433 2740 ortu
449 2700 526 2739 minime
543 2698 624 2739 obscuri.
653 2700 715 2740 Erant
731 2703 796 2740 tamen
814 2703 871 2742 armis

98 2753 156 2807 longe
165 2755 270 2806 interiores,
279 2771 363 2810 namque
372 2760 414 2796 turn
430 2755 530 2808 equitatus
546 2757 590 2793 tuno
598 2754 695 2806 peditatus
704 2755 801 2795 eratleris
811 2771 871 2797 arma-

99 2812 148 2850 turae
157 2816 227 2863 praeter
235 2810 455 2864 paucosbombardarios
464 2810 549 2862 gravium
559 2808 674 2861 scloporum.
703 2808 735 2849 Ob
741 2810 765 2850 -id
775 2810 872 2853 O’Nellus

101 2862 124 2902 de
133 2864 194 2905 hostis
204 2871 296 2919 apparatu
306 2866 410 2920 praeliandi,
421 2865 485 2905 militis
495 2863 568 2912 robore,
579 2863 632 2905 ducis
643 2865 707 2905 animo
717 2864 822 2907 dehberato
833 2882 871 2908 cer-

100 2917 137 2957 tior
146 2919 214 2972 factus,
226 2921 307 2962 dubium
317 2926 362 2971 erat,
373 2921 419 2974 quin
429 2920 457 2959 vir
467 2923 533 2959 cantus
543 2919 608 2959 locum
617 2920 717 2968 desereret,
727 2921 766 2961 nisi
775 2921 872 2963 Fariasius

101 2971 201 3014 O'Clerius
209 2974 342 3017 lbernicorum
351 2981 416 3017 vatum
431 2974 524 3028 interpres
534 2974 663 3016 confirmasset
672 2975 719 3016 Divi
728 2975 797 3017 Ultani
806 2979 872 3018 uatici-
