2237 3535
270 966 382 1026 nonin
409 967 550 1026 PHILIPPI
570 967 770 1028 o’tnttnrnu
789 968 907 1027 annunt
925 969 1041 1038 IBERNI,

520 1119 592 1160 TOMI
605 1118 647 1160 ΠΙ.
657 1118 743 1159 Linon
756 1118 793 1159 IV.

454 1269 485 1300 DE
496 1268 572 1301 BELLO
584 1268 719 1308 QOENDEOIM
729 1267 855 1299 ANNORUM.

268 1387 476 1438 AcrnsubRussellQ
487 1388 569 1429 Norrise
588 1392 607 1429 et
626 1388 722 1442 Burngho
731 1387 821 1428 vidimus.
851 1386 888 1429 Illa
899 1388 978 1440 quidem
991 1389 1042 1429 aona

268 1442 353 1492 fuerunt,
364 1444 398 1483 sed
408 1444 479 1484 acriora
493 1448 606 1497 sequuntur.
637 1443 687 1488 Quae
696 1443 791 1483 Urmonio
801 1442 871 1483 comite
884 1443 934 1496 regii
948 1445 1042 1484 exercitus

267 1497 382 1593 dipem?
392 1512 454 1552 usque
463 1499 487 1539 ad
496 1498 588 1553 Bagnalis
605 1498 764 1539 castr'ametatoris
780 1512 847 1538 necem
864 1503 918 1551 gesta
938 1503 989 1549 sunt,
1004 1500 1042 1540 hoo

275 1566 282 1590 1
296 1566 317 1592 ro
327 1567 363 1593 con
372 1558 456 1594 ineatur.

603 1801 661 1842 CAP.
676 1801 694 1841 I.

280 1922 370 1956 Henricus
378 1921 448 1966 Bagnal
455 1922 561 1956 Ardmaohae
570 1922 605 1955 fert
613 1931 671 1966 opem,
679 1925 697 1954 et
705 1922 724 1954 in
733 1921 775 1955 O'N
775 1921 805 1955 elli
813 1926 871 1955 castra
878 1922 923 1956 facit
930 1922 1020 1968 impetum.

265 2041 356 2082 Monruo
372 2041 467 2094 Burugho
486 2041 570 2081 Thomas
589 2039 689 2081 Buttlerus
703 2044 831 2094 cognomento
850 2041 919 2095 Niger,
940 2042 1039 2085 Urmoniae

263 2111 327 2137 comes
343 2096 426 2137 ibernus
445 2096 493 2149 regii
512 2095 606 2135 exercitus
622 2096 725 2149 imperator
742 2096 840 2136 creatur
866 2097 953 2137 Adamus
968 2098 1038 2141 Loftus

262 2151 346 2192 Iberniae
356 2150 505 2199 chamelladus,
516 2155 535 2190 et
545 2149 641 2190 Robertus
652 2150 769 2190 Gardinerus
787 2151 853 2203 judex,
864 2151 949 2204 proregis
958 2167 1038 2196 munere

262 2207 384 2260 funguntum
396 2220 478 2259 quorum
488 2210 575 2259 tempore
584 2219 615 2244 res
624 2205 687 2253 variae,
698 2206 786 2257 scituque
795 2205 874 2245 minime
883 2207 969 2260 indignae
978 2214 1037 2261 gestae

263 2266 315 2302 sunt.
344 2261 369 2302 Ο)
370 2262 392 2302 Ν
393 2262 440 2301 eiius
450 2275 494 2301 oum
503 2260 620 2301 Ardmachae
629 2259 739 2312 praesidium
747 2260 800 2299 victu
809 2260 895 2313 indigere
904 2261 1030 2305 intellexisset

261 2316 290 2357 iiii
301 2320 428 2357 commeatum
437 2315 565 2356 intercludere
581 2314 670 2360 statuit.†
698 2313 749 2354 Vere
759 2328 782 2354 ex
788 2313 877 2367 hybernis
887 2322 966 2357 euocato
974 2320 1025 2359 milit

262 2372 314 2425 apud
322 2372 429 2412 ramatum
438 2370 503 2411 albuni
515 2370 609 2423 (Moliaoh
620 2369 664 2418 ban)
677 2368 729 2409 mille
739 2372 758 2408 et
769 2370 877 2422 quingentis
887 2372 975 2424 passibus
985 2375 1036 2417 nitra

260 2427 390 2468 Ardmaeham
400 2425 466 2466 iurem
475 2440 540 2466 versus
551 2429 613 2466 castra
622 2424 716 2465 coilooat:
732 2438 770 2476 qua
783 2425 840 2477 regiis
850 2425 894 2466 Iure
906 2428 1035 2471 Ardmaoham

260 2482 364 2536 petendum
375 2480 501 2521 existimabat.
530 2481 563 2521 Ad
573 2480 702 2520 Ardmachem
713 2477 828 2519 Oormakurn
838 2480 915 2522 fratrem
925 2496 969 2523 cum
979 2485 1034 2536 quin-

260 2537 324 2590 gentis
343 2535 444 2585 militibus
460 2539 483 2575 ut
501 2536 628 2589 praesidiarios
648 2533 782 2587 eruptionibus
800 2536 906 2587 prohibeat,
927 2539 1033 2582 constitnit.

260 2592 358 2633 Henricus
377 2591 453 2645 Bagra]
472 2591 549 2644 Anglus
568 2605 626 2644 eques
646 2593 730 2637 adraim,
750 2587 834 2630 iberniae
853 2595 995 2633 castrametator
1015 2601 1034 2637 et

259 2646 345 2688 Uitoniae
363 2647 465 2700 praefectus
484 2645 566 2686 obsessis
586 2645 684 2699 suppetias
702 2644 743 2682 iens
763 2657 807 2684 cum
829 2646 940 2687 cohortibus
964 2649 1034 2702 viginti

260 2706 342 2756 quatuor
352 2706 371 2743 et
379 2702 465 2755 equitum
474 2702 543 2741 turmis
554 2701 619 2741 decem
629 2699 676 2740 Iure
685 2698 823 2751 proficiscitur:
835 2715 872 2753 qno
882 2716 928 2742 cum
937 2701 1032 2747 O'Nelius

259 2757 307 2809 quin
321 2758 400 2810 inipso
416 2756 484 2797 itinere
501 2756 619 2809 confligeret,
636 2768 678 2794 non
697 2752 802 2795 dubitabat.
831 2755 927 2796 Caeterum
946 2756 1032 2802 Quintus

259 2812 338 2853 O'Nelli
346 2812 398 2852 filius
412 2812 489 2860 nothus,
501 2812 534 2864 qui
550 2812 601 2864 patri
617 2811 677 2850 iratus
692 2809 756 2861 paucis
774 2814 817 2850 ante
834 2810 901 2851 diebus
919 2811 943 2851 ad
956 2813 1031 2869 Angtos

1030 2298 1036 2316 5

281 2944 289 2959 *
302 2942 403 2976 November
412 2944 440 2980 15,
449 2942 493 2977 1597
501 2941 571 2980 —Oox,
578 2952 596 2984 p.
605 2941 646 2972 414.

281 2991 293 3025 †
304 2987 341 3020 For
350 2987 471 3020 intcrmediate
480 2986 607 3030 negociatione,
615 2995 643 3017 see
651 2983 701 3017 roua·
710 2982 792 3023 Masters
800 2996 817 3029 p.
827 2985 883 3027 20253
894 2984 938 3028 Cor,
947 2999 964 3031 p.
972 2991 1012 3022 414.
