<?xml version="1.0" encoding="UTF-8"?>
<!DOCTYPE html PUBLIC "-//W3C//DTD XHTML 1.0 Transitional//EN"
    "http://www.w3.org/TR/xhtml1/DTD/xhtml1-transitional.dtd">
<html xmlns="http://www.w3.org/1999/xhtml" xml:lang="en" lang="en">
 <head>
  <title>
</title>
<meta http-equiv="Content-Type" content="text/html;charset=utf-8" />
  <meta name='ocr-system' content='tesseract 3.04.00' />
  <meta name='ocr-capabilities' content='ocr_page ocr_carea ocr_par ocr_line ocrx_word'/>
</head>
<body>
  <div class='ocr_page' id='page_1' title='image "MN42000ucmf_1_0062.png"; bbox 0 0 2237 3535; ppageno 0'>
   <div class='ocr_carea' id='block_1_1' title="bbox 256 401 1035 454">
    <p class='ocr_par' dir='ltr' id='par_1_1' title="bbox 256 401 1035 454">
     <span class='ocr_line' id='line_1_1' title="bbox 256 401 1035 454; baseline -0.005 -10"><span class='ocrx_word' id='word_1_1' title='bbox 256 405 282 444; x_wconf 70' lang='grc'>11</span> <span class='ocrx_word' id='word_1_2' title='bbox 409 404 540 445; x_wconf 72' lang='lat' dir='ltr'>ostensam</span> <span class='ocrx_word' id='word_1_3' title='bbox 555 415 657 443; x_wconf 82' lang='lat' dir='ltr'>rusronrm</span> <span class='ocrx_word' id='word_1_4' title='bbox 667 415 793 453; x_wconf 74' lang='lat' dir='ltr'>carrionem,</span> <span class='ocrx_word' id='word_1_5' title='bbox 803 415 845 443; x_wconf 83' lang='lat' dir='ltr'>rora</span> <span class='ocrx_word' id='word_1_6' title='bbox 860 415 874 441; x_wconf 90' lang='lat'>1.</span> <span class='ocrx_word' id='word_1_7' title='bbox 954 401 1005 454; x_wconf 82' lang='lat' dir='ltr'>[ura.</span> <span class='ocrx_word' id='word_1_8' title='bbox 1020 414 1035 440; x_wconf 91' lang='lat' dir='ltr'>r.</span> 
     </span>
    </p>
   </div>
   <div class='ocr_carea' id='block_1_2' title="bbox 205 505 1035 1169">
    <p class='ocr_par' dir='ltr' id='par_1_2' title="bbox 256 505 1035 619">
     <span class='ocr_line' id='line_1_2' title="bbox 256 505 1035 564; baseline -0.008 -13"><span class='ocrx_word' id='word_1_9' title='bbox 256 509 300 560; x_wconf 86' lang='lat' dir='ltr'>bus,</span> <span class='ocrx_word' id='word_1_10' title='bbox 318 510 399 564; x_wconf 91' lang='lat' dir='ltr'>illasque</span> <span class='ocrx_word' id='word_1_11' title='bbox 417 508 471 550; x_wconf 89' lang='lat' dir='ltr'>brevi</span> <span class='ocrx_word' id='word_1_12' title='bbox 488 508 559 549; x_wconf 88' lang='lat' dir='ltr'>deletas</span> <span class='ocrx_word' id='word_1_13' title='bbox 569 507 606 548; x_wconf 88' lang='lat' dir='ltr'>hoo</span> <span class='ocrx_word' id='word_1_14' title='bbox 621 522 669 548; x_wconf 86' lang='lat' dir='ltr'>ausu</span> <span class='ocrx_word' id='word_1_15' title='bbox 685 507 793 561; x_wconf 88' lang='lat' dir='ltr'>prohibere,</span> <span class='ocrx_word' id='word_1_16' title='bbox 807 508 889 549; x_wconf 84' lang='lat' dir='ltr'>maxime</span> <span class='ocrx_word' id='word_1_17' title='bbox 898 520 943 546; x_wconf 91' lang='lat' dir='ltr'>oum</span> <span class='ocrx_word' id='word_1_18' title='bbox 957 505 1035 546; x_wconf 89' lang='lat' dir='ltr'>Ibernia</span> 
     </span>
     <span class='ocr_line' id='line_1_3' title="bbox 256 560 1034 619; baseline -0.006 -14"><span class='ocrx_word' id='word_1_19' title='bbox 256 565 316 619; x_wconf 79' lang='lat' dir='ltr'>sylvis</span> <span class='ocrx_word' id='word_1_20' title='bbox 326 569 345 606; x_wconf 92' lang='lat' dir='ltr'>et</span> <span class='ocrx_word' id='word_1_21' title='bbox 355 563 525 606; x_wconf 76' lang='lat' dir='ltr'>construendorum</span> <span class='ocrx_word' id='word_1_22' title='bbox 536 563 614 603; x_wconf 91' lang='lat' dir='ltr'>navium</span> <span class='ocrx_word' id='word_1_23' title='bbox 625 563 709 612; x_wconf 84' lang='lat' dir='ltr'>materie,</span> <span class='ocrx_word' id='word_1_24' title='bbox 719 563 832 604; x_wconf 91' lang='lat' dir='ltr'>hominibus</span> <span class='ocrx_word' id='word_1_25' title='bbox 851 563 879 603; x_wconf 84' lang='lat' dir='ltr'>rei</span> <span class='ocrx_word' id='word_1_26' title='bbox 892 560 975 601; x_wconf 86' lang='lat' dir='ltr'>nauticae</span> <span class='ocrx_word' id='word_1_27' title='bbox 985 561 1034 614; x_wconf 90' lang='lat' dir='ltr'>peri-</span> 
     </span>
    </p>

    <p class='ocr_par' dir='ltr' id='par_1_3' title="bbox 205 616 1035 673">
     <span class='ocr_line' id='line_1_4' title="bbox 205 616 1035 673; baseline -0.004 -15"><span class='ocrx_word' id='word_1_28' title='bbox 205 627 249 671; x_wconf 81' lang='lat' dir='ltr'>[lt.]</span> <span class='ocrx_word' id='word_1_29' title='bbox 257 622 282 661; x_wconf 91' lang='lat' dir='ltr'>tis</span> <span class='ocrx_word' id='word_1_30' title='bbox 292 624 311 661; x_wconf 92' lang='lat' dir='ltr'>et</span> <span class='ocrx_word' id='word_1_31' title='bbox 321 621 373 661; x_wconf 87' lang='lat' dir='ltr'>vario</span> <span class='ocrx_word' id='word_1_32' title='bbox 382 633 451 673; x_wconf 82' lang='lat' dir='ltr'>genere</span> <span class='ocrx_word' id='word_1_33' title='bbox 461 622 580 659; x_wconf 75' lang='lat' dir='ltr'>commeatus</span> <span class='ocrx_word' id='word_1_34' title='bbox 594 618 696 671; x_wconf 73' lang='lat' dir='ltr'>abundetll</span> <span class='ocrx_word' id='word_1_35' title='bbox 730 617 822 671; x_wconf 82' lang='lat' dir='ltr'>Europaei</span> <span class='ocrx_word' id='word_1_36' title='bbox 836 631 911 672; x_wconf 87' lang='lat' dir='ltr'>quoque</span> <span class='ocrx_word' id='word_1_37' title='bbox 918 616 991 669; x_wconf 85' lang='lat' dir='ltr'>piratae,</span> <span class='ocrx_word' id='word_1_38' title='bbox 1002 616 1035 669; x_wconf 87' lang='lat' dir='ltr'>qui</span> 
     </span>
    </p>

    <p class='ocr_par' dir='ltr' id='par_1_4' title="bbox 207 671 1034 1169">
     <span class='ocr_line' id='line_1_5' title="bbox 207 671 1034 731; baseline -0.006 -15"><span class='ocrx_word' id='word_1_39' title='bbox 207 678 209 680; x_wconf 72' lang='grc'><strong>’</strong></span> <span class='ocrx_word' id='word_1_40' title='bbox 256 680 359 731; x_wconf 79' lang='lat' dir='ltr'><strong>postquam</strong></span> <span class='ocrx_word' id='word_1_41' title='bbox 369 674 440 715; x_wconf 86' lang='lat' dir='ltr'>Africae</span> <span class='ocrx_word' id='word_1_42' title='bbox 454 677 522 728; x_wconf 87' lang='lat' dir='ltr'>portus</span> <span class='ocrx_word' id='word_1_43' title='bbox 532 674 637 714; x_wconf 86' lang='lat' dir='ltr'>amiserunt</span> <span class='ocrx_word' id='word_1_44' title='bbox 646 673 743 714; x_wconf 88' lang='lat' dir='ltr'>Iberniam</span> <span class='ocrx_word' id='word_1_45' title='bbox 756 674 835 714; x_wconf 85' lang='lat' dir='ltr'>unicum</span> <span class='ocrx_word' id='word_1_46' title='bbox 845 671 987 726; x_wconf 76' lang='lat' dir='ltr'>receptaculum</span> <span class='ocrx_word' id='word_1_47' title='bbox 996 671 1034 711; x_wconf 82' lang='lat' dir='ltr'>fre-</span> 
     </span>
     <span class='ocr_line' id='line_1_6' title="bbox 256 726 1032 785; baseline -0.005 -15"><span class='ocrx_word' id='word_1_48' title='bbox 256 733 350 785; x_wconf 87' lang='lat' dir='ltr'>quentant</span> <span class='ocrx_word' id='word_1_49' title='bbox 367 729 391 770; x_wconf 91' lang='lat' dir='ltr'>ob</span> <span class='ocrx_word' id='word_1_50' title='bbox 402 730 486 782; x_wconf 91' lang='lat' dir='ltr'>optimos</span> <span class='ocrx_word' id='word_1_51' title='bbox 495 733 553 782; x_wconf 90' lang='lat' dir='ltr'>atque</span> <span class='ocrx_word' id='word_1_52' title='bbox 562 729 669 769; x_wconf 86' lang='lat' dir='ltr'>tutissimos</span> <span class='ocrx_word' id='word_1_53' title='bbox 679 732 746 782; x_wconf 90' lang='lat' dir='ltr'>portus</span> <span class='ocrx_word' id='word_1_54' title='bbox 760 731 779 768; x_wconf 94' lang='lat' dir='ltr'>et</span> <span class='ocrx_word' id='word_1_55' title='bbox 789 728 944 768; x_wconf 80' lang='lat' dir='ltr'>commoditatem</span> <span class='ocrx_word' id='word_1_56' title='bbox 954 726 1032 767; x_wconf 89' lang='lat' dir='ltr'>interei-</span> 
     </span>
     <span class='ocr_line' id='line_1_7' title="bbox 255 780 1031 839; baseline -0.008 -13"><span class='ocrx_word' id='word_1_57' title='bbox 255 785 322 839; x_wconf 82' lang='lat' dir='ltr'>piendi</span> <span class='ocrx_word' id='word_1_58' title='bbox 334 788 463 825; x_wconf 89' lang='lat' dir='ltr'>mercatorum</span> <span class='ocrx_word' id='word_1_59' title='bbox 475 798 540 834; x_wconf 85' lang='lat' dir='ltr'>naves,</span> <span class='ocrx_word' id='word_1_60' title='bbox 558 783 657 824; x_wconf 89' lang='lat' dir='ltr'>demedio</span> <span class='ocrx_word' id='word_1_61' title='bbox 676 795 756 838; x_wconf 87' lang='lat' dir='ltr'>prorsus</span> <span class='ocrx_word' id='word_1_62' title='bbox 779 782 899 823; x_wconf 86' lang='lat' dir='ltr'>tollerentur.</span> <span class='ocrx_word' id='word_1_63' title='bbox 936 780 1031 825; x_wconf 75' lang='lat' dir='ltr'>Quinimo</span> 
     </span>
     <span class='ocr_line' id='line_1_8' title="bbox 256 837 1032 893; baseline -0.005 -13"><span class='ocrx_word' id='word_1_64' title='bbox 256 840 321 881; x_wconf 82' lang='lat' dir='ltr'>Scotia</span> <span class='ocrx_word' id='word_1_65' title='bbox 335 854 378 892; x_wconf 82' lang='lat' dir='ltr'>quae</span> <span class='ocrx_word' id='word_1_66' title='bbox 388 839 434 880; x_wconf 87' lang='lat' dir='ltr'>satis</span> <span class='ocrx_word' id='word_1_67' title='bbox 444 844 527 893; x_wconf 87' lang='lat' dir='ltr'>angusto</span> <span class='ocrx_word' id='word_1_68' title='bbox 538 839 581 879; x_wconf 88' lang='lat' dir='ltr'>sinu</span> <span class='ocrx_word' id='word_1_69' title='bbox 592 839 615 879; x_wconf 87' lang='lat' dir='ltr'>ab</span> <span class='ocrx_word' id='word_1_70' title='bbox 626 838 704 879; x_wconf 90' lang='lat' dir='ltr'>Ibernia</span> <span class='ocrx_word' id='word_1_71' title='bbox 711 837 808 878; x_wconf 78' lang='lat' dir='ltr'>dirimitur</span> <span class='ocrx_word' id='word_1_72' title='bbox 823 842 843 878; x_wconf 92' lang='lat' dir='ltr'>et</span> <span class='ocrx_word' id='word_1_73' title='bbox 852 838 924 891; x_wconf 83' lang='lat' dir='ltr'>Anglia</span> <span class='ocrx_word' id='word_1_74' title='bbox 934 851 977 890; x_wconf 89' lang='lat' dir='ltr'>quae</span> <span class='ocrx_word' id='word_1_75' title='bbox 987 851 1032 877; x_wconf 88' lang='lat' dir='ltr'>oum</span> 
     </span>
     <span class='ocr_line' id='line_1_9' title="bbox 255 891 1032 947; baseline -0.004 -12"><span class='ocrx_word' id='word_1_76' title='bbox 255 895 320 936; x_wconf 82' lang='lat' dir='ltr'>Scotia</span> <span class='ocrx_word' id='word_1_77' title='bbox 330 895 440 935; x_wconf 82' lang='lat' dir='ltr'>continetur</span> <span class='ocrx_word' id='word_1_78' title='bbox 456 894 512 935; x_wconf 86' lang='lat' dir='ltr'>facile</span> <span class='ocrx_word' id='word_1_79' title='bbox 521 897 601 947; x_wconf 82' lang='lat' dir='ltr'>possent</span> <span class='ocrx_word' id='word_1_80' title='bbox 610 908 634 934; x_wconf 81' lang='lat' dir='ltr'>er</span> <span class='ocrx_word' id='word_1_81' title='bbox 647 894 726 934; x_wconf 90' lang='lat' dir='ltr'>Ibernia</span> <span class='ocrx_word' id='word_1_82' title='bbox 732 892 831 933; x_wconf 91' lang='lat' dir='ltr'>debellari.</span> <span class='ocrx_word' id='word_1_83' title='bbox 861 892 904 933; x_wconf 89' lang='lat' dir='ltr'>Nee</span> <span class='ocrx_word' id='word_1_84' title='bbox 914 892 992 933; x_wconf 85' lang='lat' dir='ltr'>Batavii</span> <span class='ocrx_word' id='word_1_85' title='bbox 1002 891 1032 932; x_wconf 83' lang='lat' dir='ltr'>rel</span> 
     </span>
     <span class='ocr_line' id='line_1_10' title="bbox 254 947 1032 1003; baseline -0.006 -12"><span class='ocrx_word' id='word_1_86' title='bbox 254 949 355 991; x_wconf 84' lang='lat' dir='ltr'>Hollandii</span> <span class='ocrx_word' id='word_1_87' title='bbox 364 954 384 990; x_wconf 92' lang='lat' dir='ltr'>et</span> <span class='ocrx_word' id='word_1_88' title='bbox 393 950 426 1003; x_wconf 85' lang='lat' dir='ltr'>qui</span> <span class='ocrx_word' id='word_1_89' title='bbox 436 953 482 990; x_wconf 87' lang='lat' dir='ltr'>suut</span> <span class='ocrx_word' id='word_1_90' title='bbox 492 950 524 990; x_wconf 90' lang='lat' dir='ltr'>alii</span> <span class='ocrx_word' id='word_1_91' title='bbox 532 948 612 989; x_wconf 83' lang='lat' dir='ltr'>rebelles</span> <span class='ocrx_word' id='word_1_92' title='bbox 620 948 691 1002; x_wconf 87' lang='lat' dir='ltr'>Belgae,</span> <span class='ocrx_word' id='word_1_93' title='bbox 702 948 779 1002; x_wconf 86' lang='lat' dir='ltr'>Angliac</span> <span class='ocrx_word' id='word_1_94' title='bbox 789 947 864 988; x_wconf 80' lang='lat' dir='ltr'>auxiliis</span> <span class='ocrx_word' id='word_1_95' title='bbox 875 951 894 987; x_wconf 91' lang='lat' dir='ltr'>et</span> <span class='ocrx_word' id='word_1_96' title='bbox 904 947 979 987; x_wconf 86' lang='lat' dir='ltr'>coeteris</span> <span class='ocrx_word' id='word_1_97' title='bbox 989 961 1032 1000; x_wconf 85' lang='lat' dir='ltr'>quae</span> 
     </span>
     <span class='ocr_line' id='line_1_11' title="bbox 252 1003 1031 1059; baseline -0.005 -14"><span class='ocrx_word' id='word_1_98' title='bbox 252 1020 287 1059; x_wconf 86' lang='lat' dir='ltr'>per</span> <span class='ocrx_word' id='word_1_99' title='bbox 296 1004 402 1058; x_wconf 83' lang='lat' dir='ltr'>Anglieum</span> <span class='ocrx_word' id='word_1_100' title='bbox 416 1005 488 1045; x_wconf 92' lang='lat' dir='ltr'>fretum</span> <span class='ocrx_word' id='word_1_101' title='bbox 503 1005 633 1058; x_wconf 84' lang='lat' dir='ltr'>importantur</span> <span class='ocrx_word' id='word_1_102' title='bbox 648 1005 743 1053; x_wconf 81' lang='lat' dir='ltr'>destituti,</span> <span class='ocrx_word' id='word_1_103' title='bbox 754 1003 828 1043; x_wconf 89' lang='lat' dir='ltr'>diutius</span> <span class='ocrx_word' id='word_1_104' title='bbox 843 1003 932 1042; x_wconf 87' lang='lat' dir='ltr'>resistere</span> <span class='ocrx_word' id='word_1_105' title='bbox 951 1006 971 1043; x_wconf 93' lang='lat' dir='ltr'>et</span> <span class='ocrx_word' id='word_1_106' title='bbox 988 1016 1031 1042; x_wconf 88' lang='lat' dir='ltr'>suas</span> 
     </span>
     <span class='ocr_line' id='line_1_12' title="bbox 252 1056 1031 1113; baseline -0.004 -13"><span class='ocrx_word' id='word_1_107' title='bbox 252 1061 334 1101; x_wconf 79' lang='lat' dir='ltr'>haereses</span> <span class='ocrx_word' id='word_1_108' title='bbox 353 1060 454 1101; x_wconf 83' lang='lat' dir='ltr'>defendere</span> <span class='ocrx_word' id='word_1_109' title='bbox 473 1063 558 1113; x_wconf 87' lang='lat' dir='ltr'>possent.</span> <span class='ocrx_word' id='word_1_110' title='bbox 587 1059 667 1101; x_wconf 85' lang='lat' dir='ltr'>Itatota</span> <span class='ocrx_word' id='word_1_111' title='bbox 676 1060 755 1113; x_wconf 81' lang='lat' dir='ltr'>Europa</span> <span class='ocrx_word' id='word_1_112' title='bbox 767 1056 867 1099; x_wconf 79' lang='lat' dir='ltr'>Oatlrolioa</span> <span class='ocrx_word' id='word_1_113' title='bbox 876 1057 969 1110; x_wconf 85' lang='lat' dir='ltr'>religione</span> <span class='ocrx_word' id='word_1_114' title='bbox 979 1061 1031 1098; x_wconf 90' lang='lat' dir='ltr'>tran-</span> 
     </span>
     <span class='ocr_line' id='line_1_13' title="bbox 252 1114 594 1169; baseline -0.003 -13"><span class='ocrx_word' id='word_1_115' title='bbox 252 1116 311 1169; x_wconf 86' lang='lat' dir='ltr'>quilla</span> <span class='ocrx_word' id='word_1_116' title='bbox 321 1119 340 1155; x_wconf 91' lang='lat' dir='ltr'>et</span> <span class='ocrx_word' id='word_1_117' title='bbox 349 1115 484 1156; x_wconf 84' lang='lat' dir='ltr'>florentissima</span> <span class='ocrx_word' id='word_1_118' title='bbox 493 1114 594 1155; x_wconf 84' lang='lat' dir='ltr'>frueretur.</span> 
     </span>
    </p>
   </div>
   <div class='ocr_carea' id='block_1_3' title="bbox 573 1409 708 1451">
    <p class='ocr_par' dir='ltr' id='par_1_5' title="bbox 573 1409 708 1451">
     <span class='ocr_line' id='line_1_14' title="bbox 573 1409 708 1451; baseline 0.007 -1"><span class='ocrx_word' id='word_1_119' title='bbox 573 1409 631 1450; x_wconf 83' lang='lat' dir='ltr'><strong>CAP.</strong></span> <span class='ocrx_word' id='word_1_120' title='bbox 646 1409 708 1451; x_wconf 83' lang='lat' dir='ltr'>VIII.</span> 
     </span>
    </p>
   </div>
   <div class='ocr_carea' id='block_1_4' title="bbox 545 1515 756 1550">
    <p class='ocr_par' dir='ltr' id='par_1_6' title="bbox 545 1515 756 1550">
     <span class='ocr_line' id='line_1_15' title="bbox 545 1515 756 1550; baseline 0.005 -2"><span class='ocrx_word' id='word_1_121' title='bbox 545 1515 574 1549; x_wconf 92' lang='lat' dir='ltr'>De</span> <span class='ocrx_word' id='word_1_122' title='bbox 583 1515 657 1550; x_wconf 74' lang='grc'><strong>11011110</strong></span> <span class='ocrx_word' id='word_1_123' title='bbox 662 1516 756 1549; x_wconf 86' lang='lat' dir='ltr'>mirandis.</span> 
     </span>
    </p>
   </div>
   <div class='ocr_carea' id='block_1_5' title="bbox 242 1603 1049 3037">
    <p class='ocr_par' dir='ltr' id='par_1_7' title="bbox 242 1603 1049 2926">
     <span class='ocr_line' id='line_1_16' title="bbox 249 1603 1026 1661; baseline 0.001 -15"><span class='ocrx_word' id='word_1_124' title='bbox 249 1606 281 1646; x_wconf 80' lang='grc'><strong>1111</strong></span> <span class='ocrx_word' id='word_1_125' title='bbox 298 1605 382 1646; x_wconf 85' lang='lat' dir='ltr'>Iberuiae</span> <span class='ocrx_word' id='word_1_126' title='bbox 392 1604 485 1645; x_wconf 91' lang='lat' dir='ltr'>mirandis</span> <span class='ocrx_word' id='word_1_127' title='bbox 494 1603 552 1644; x_wconf 92' lang='lat' dir='ltr'>rebus</span> <span class='ocrx_word' id='word_1_128' title='bbox 567 1604 598 1644; x_wconf 93' lang='lat' dir='ltr'>hic</span> <span class='ocrx_word' id='word_1_129' title='bbox 612 1618 683 1657; x_wconf 85' lang='lat' dir='ltr'>paucas</span> <span class='ocrx_word' id='word_1_130' title='bbox 698 1604 774 1644; x_wconf 91' lang='lat' dir='ltr'>silentio</span> <span class='ocrx_word' id='word_1_131' title='bbox 783 1606 881 1658; x_wconf 86' lang='lat' dir='ltr'>praeterire</span> <span class='ocrx_word' id='word_1_132' title='bbox 896 1620 936 1646; x_wconf 90' lang='lat' dir='ltr'>non</span> <span class='ocrx_word' id='word_1_133' title='bbox 953 1607 1026 1661; x_wconf 80' lang='lat' dir='ltr'>putaui.</span> 
     </span>
     <span class='ocr_line' id='line_1_17' title="bbox 248 1659 1025 1714; baseline 0.001 -13"><span class='ocrx_word' id='word_1_134' title='bbox 248 1661 347 1714; x_wconf 87' lang='lat' dir='ltr'>Imprimis</span> <span class='ocrx_word' id='word_1_135' title='bbox 362 1660 397 1700; x_wconf 89' lang='lat' dir='ltr'>illa</span> <span class='ocrx_word' id='word_1_136' title='bbox 412 1659 514 1712; x_wconf 84' lang='lat' dir='ltr'>magnifica</span> <span class='ocrx_word' id='word_1_137' title='bbox 529 1659 587 1699; x_wconf 88' lang='lat' dir='ltr'>laude</span> <span class='ocrx_word' id='word_1_138' title='bbox 601 1664 630 1699; x_wconf 90' lang='lat' dir='ltr'>est</span> <span class='ocrx_word' id='word_1_139' title='bbox 639 1659 703 1699; x_wconf 90' lang='lat' dir='ltr'>insula</span> <span class='ocrx_word' id='word_1_140' title='bbox 712 1659 839 1713; x_wconf 74' lang='lat' dir='ltr'>predicanda,</span> <span class='ocrx_word' id='word_1_141' title='bbox 850 1675 892 1714; x_wconf 79' lang='lat' dir='ltr'>quae</span> <span class='ocrx_word' id='word_1_142' title='bbox 901 1661 978 1702; x_wconf 88' lang='lat' dir='ltr'>nullum</span> <span class='ocrx_word' id='word_1_143' title='bbox 987 1677 1025 1702; x_wconf 90' lang='lat' dir='ltr'>ser-</span> 
     </span>
     <span class='ocr_line' id='line_1_18' title="bbox 247 1714 1026 1771; baseline 0.001 -15"><span class='ocrx_word' id='word_1_144' title='bbox 247 1720 331 1771; x_wconf 86' lang='lat' dir='ltr'>pentem,</span> <span class='ocrx_word' id='word_1_145' title='bbox 342 1715 418 1755; x_wconf 91' lang='lat' dir='ltr'>nullum</span> <span class='ocrx_word' id='word_1_146' title='bbox 433 1718 550 1754; x_wconf 85' lang='lat' dir='ltr'>venenatum</span> <span class='ocrx_word' id='word_1_147' title='bbox 567 1714 653 1754; x_wconf 86' lang='lat' dir='ltr'>animans</span> <span class='ocrx_word' id='word_1_148' title='bbox 667 1715 772 1768; x_wconf 78' lang='lat' dir='ltr'>progignit,</span> <span class='ocrx_word' id='word_1_149' title='bbox 783 1719 803 1755; x_wconf 92' lang='lat' dir='ltr'>et</span> <span class='ocrx_word' id='word_1_150' title='bbox 811 1717 914 1769; x_wconf 88' lang='lat' dir='ltr'>importata</span> <span class='ocrx_word' id='word_1_151' title='bbox 930 1731 1026 1757; x_wconf 86' lang='lat' dir='ltr'>venenosa</span> 
     </span>
     <span class='ocr_line' id='line_1_19' title="bbox 248 1768 1026 1823; baseline 0.001 -12"><span class='ocrx_word' id='word_1_152' title='bbox 248 1771 334 1812; x_wconf 83' lang='lat' dir='ltr'>virentia</span> <span class='ocrx_word' id='word_1_153' title='bbox 342 1771 362 1811; x_wconf 92' lang='lat' dir='ltr'>vi</span> <span class='ocrx_word' id='word_1_154' title='bbox 372 1770 455 1823; x_wconf 83' lang='lat' dir='ltr'>quadam</span> <span class='ocrx_word' id='word_1_155' title='bbox 462 1768 534 1809; x_wconf 88' lang='lat' dir='ltr'>salubri</span> <span class='ocrx_word' id='word_1_156' title='bbox 544 1772 564 1809; x_wconf 91' lang='lat' dir='ltr'>et</span> <span class='ocrx_word' id='word_1_157' title='bbox 574 1769 654 1818; x_wconf 86' lang='lat' dir='ltr'>occulta,</span> <span class='ocrx_word' id='word_1_158' title='bbox 665 1770 705 1809; x_wconf 88' lang='lat' dir='ltr'>vita</span> <span class='ocrx_word' id='word_1_159' title='bbox 715 1770 783 1822; x_wconf 80' lang='lat' dir='ltr'>privat.</span> <span class='ocrx_word' id='word_1_160' title='bbox 812 1771 894 1811; x_wconf 90' lang='lat' dir='ltr'>Pulvere</span> <span class='ocrx_word' id='word_1_161' title='bbox 904 1772 962 1812; x_wconf 89' lang='lat' dir='ltr'>etiam</span> <span class='ocrx_word' id='word_1_162' title='bbox 972 1772 1026 1812; x_wconf 90' lang='lat' dir='ltr'>Iber-</span> 
     </span>
     <span class='ocr_line' id='line_1_20' title="bbox 248 1823 1025 1881; baseline 0 -14"><span class='ocrx_word' id='word_1_163' title='bbox 248 1827 299 1875; x_wconf 85' lang='lat' dir='ltr'>uico,</span> <span class='ocrx_word' id='word_1_164' title='bbox 308 1825 370 1880; x_wconf 88' lang='lat' dir='ltr'>ligno,</span> <span class='ocrx_word' id='word_1_165' title='bbox 381 1825 493 1877; x_wconf 85' lang='lat' dir='ltr'>eoeterisque</span> <span class='ocrx_word' id='word_1_166' title='bbox 509 1824 567 1864; x_wconf 87' lang='lat' dir='ltr'>rebus</span> <span class='ocrx_word' id='word_1_167' title='bbox 583 1823 635 1864; x_wconf 90' lang='lat' dir='ltr'>illico</span> <span class='ocrx_word' id='word_1_168' title='bbox 651 1825 715 1864; x_wconf 86' lang='lat' dir='ltr'>virosa</span> <span class='ocrx_word' id='word_1_169' title='bbox 729 1825 818 1878; x_wconf 74' lang='lat' dir='ltr'>extingui</span> <span class='ocrx_word' id='word_1_170' title='bbox 827 1830 857 1866; x_wconf 91' lang='lat' dir='ltr'>est</span> <span class='ocrx_word' id='word_1_171' title='bbox 871 1828 967 1867; x_wconf 79' lang='lat' dir='ltr'>memoriae</span> <span class='ocrx_word' id='word_1_172' title='bbox 981 1842 1025 1881; x_wconf 87' lang='lat' dir='ltr'>pro-</span> 
     </span>
     <span class='ocr_line' id='line_1_21' title="bbox 248 1879 1025 1935; baseline 0.001 -14"><span class='ocrx_word' id='word_1_173' title='bbox 248 1882 318 1922; x_wconf 90' lang='lat' dir='ltr'>ditum.</span> <span class='ocrx_word' id='word_1_174' title='bbox 346 1881 414 1921; x_wconf 90' lang='lat' dir='ltr'>Iberni</span> <span class='ocrx_word' id='word_1_175' title='bbox 437 1893 516 1933; x_wconf 83' lang='lat' dir='ltr'>peregre</span> <span class='ocrx_word' id='word_1_176' title='bbox 531 1879 620 1932; x_wconf 86' lang='lat' dir='ltr'>profecti,</span> <span class='ocrx_word' id='word_1_177' title='bbox 644 1893 688 1919; x_wconf 90' lang='lat' dir='ltr'>cum</span> <span class='ocrx_word' id='word_1_178' title='bbox 705 1881 770 1920; x_wconf 79' lang='lat' dir='ltr'>evenit</span> <span class='ocrx_word' id='word_1_179' title='bbox 792 1885 815 1921; x_wconf 92' lang='lat' dir='ltr'>ut</span> <span class='ocrx_word' id='word_1_180' title='bbox 833 1882 884 1921; x_wconf 88' lang='lat' dir='ltr'>inter</span> <span class='ocrx_word' id='word_1_181' title='bbox 907 1896 980 1935; x_wconf 85' lang='lat' dir='ltr'>angues</span> <span class='ocrx_word' id='word_1_182' title='bbox 1004 1883 1025 1922; x_wconf 87' lang='lat' dir='ltr'>in</span> 
     </span>
     <span class='ocr_line' id='line_1_22' title="bbox 248 1935 1025 1990; baseline 0.001 -14"><span class='ocrx_word' id='word_1_183' title='bbox 248 1935 354 1977; x_wconf 83' lang='lat' dir='ltr'>solitudine</span> <span class='ocrx_word' id='word_1_184' title='bbox 364 1935 435 1976; x_wconf 85' lang='lat' dir='ltr'>deserti</span> <span class='ocrx_word' id='word_1_185' title='bbox 444 1939 495 1975; x_wconf 90' lang='lat' dir='ltr'>tecto</span> <span class='ocrx_word' id='word_1_186' title='bbox 505 1949 545 1974; x_wconf 89' lang='lat' dir='ltr'>non</span> <span class='ocrx_word' id='word_1_187' title='bbox 554 1938 686 1988; x_wconf 86' lang='lat' dir='ltr'>protegantur,</span> <span class='ocrx_word' id='word_1_188' title='bbox 698 1935 714 1975; x_wconf 90' lang='lat' dir='ltr'>si</span> <span class='ocrx_word' id='word_1_189' title='bbox 723 1935 773 1975; x_wconf 89' lang='lat' dir='ltr'>forte</span> <span class='ocrx_word' id='word_1_190' title='bbox 783 1949 806 1975; x_wconf 80' lang='lat' dir='ltr'>en</span> <span class='ocrx_word' id='word_1_191' title='bbox 816 1936 894 1977; x_wconf 89' lang='lat' dir='ltr'>Iberuia</span> <span class='ocrx_word' id='word_1_192' title='bbox 908 1937 984 1990; x_wconf 86' lang='lat' dir='ltr'>stipites</span> <span class='ocrx_word' id='word_1_193' title='bbox 994 1937 1025 1977; x_wconf 89' lang='lat' dir='ltr'>vel</span> 
     </span>
     <span class='ocr_line' id='line_1_23' title="bbox 247 1989 1024 2044; baseline 0 -12"><span class='ocrx_word' id='word_1_194' title='bbox 247 1991 326 2032; x_wconf 89' lang='lat' dir='ltr'>baculos</span> <span class='ocrx_word' id='word_1_195' title='bbox 342 1994 416 2044; x_wconf 83' lang='lat' dir='ltr'>gerant,</span> <span class='ocrx_word' id='word_1_196' title='bbox 435 1989 505 2043; x_wconf 86' lang='lat' dir='ltr'>quibus</span> <span class='ocrx_word' id='word_1_197' title='bbox 521 1990 601 2030; x_wconf 81' lang='lat' dir='ltr'>circulos</span> <span class='ocrx_word' id='word_1_198' title='bbox 618 1990 781 2040; x_wconf 84' lang='lat' dir='ltr'>circumscribant,</span> <span class='ocrx_word' id='word_1_199' title='bbox 797 1991 848 2031; x_wconf 88' lang='lat' dir='ltr'>intra</span> <span class='ocrx_word' id='word_1_200' title='bbox 865 2006 896 2031; x_wconf 93' lang='lat' dir='ltr'>eos</span> <span class='ocrx_word' id='word_1_201' title='bbox 912 1993 967 2032; x_wconf 88' lang='lat' dir='ltr'>orbes</span> <span class='ocrx_word' id='word_1_202' title='bbox 984 2007 1024 2032; x_wconf 90' lang='lat' dir='ltr'>non</span> 
     </span>
     <span class='ocr_line' id='line_1_24' title="bbox 247 2045 1023 2100; baseline 0 -13"><span class='ocrx_word' id='word_1_203' title='bbox 247 2047 312 2087; x_wconf 88' lang='lat' dir='ltr'>minus</span> <span class='ocrx_word' id='word_1_204' title='bbox 322 2050 372 2096; x_wconf 89' lang='lat' dir='ltr'>tuto,</span> <span class='ocrx_word' id='word_1_205' title='bbox 383 2059 440 2099; x_wconf 90' lang='lat' dir='ltr'>quam</span> <span class='ocrx_word' id='word_1_206' title='bbox 450 2045 501 2085; x_wconf 86' lang='lat' dir='ltr'>intra</span> <span class='ocrx_word' id='word_1_207' title='bbox 511 2046 590 2086; x_wconf 79' lang='lat' dir='ltr'>munitae</span> <span class='ocrx_word' id='word_1_208' title='bbox 598 2045 645 2085; x_wconf 87' lang='lat' dir='ltr'>arcis</span> <span class='ocrx_word' id='word_1_209' title='bbox 655 2045 724 2085; x_wconf 81' lang='lat' dir='ltr'>maenia</span> <span class='ocrx_word' id='word_1_210' title='bbox 733 2060 752 2085; x_wconf 86' lang='lat' dir='ltr'>se</span> <span class='ocrx_word' id='word_1_211' title='bbox 761 2045 843 2086; x_wconf 91' lang='lat' dir='ltr'>dormire</span> <span class='ocrx_word' id='word_1_212' title='bbox 856 2061 912 2100; x_wconf 84' lang='lat' dir='ltr'>posse</span> <span class='ocrx_word' id='word_1_213' title='bbox 930 2047 1023 2087; x_wconf 90' lang='lat' dir='ltr'>eredunt:</span> 
     </span>
     <span class='ocr_line' id='line_1_25' title="bbox 246 2099 1024 2156; baseline 0 -14"><span class='ocrx_word' id='word_1_214' title='bbox 246 2102 268 2142; x_wconf 89' lang='lat' dir='ltr'>in</span> <span class='ocrx_word' id='word_1_215' title='bbox 277 2102 358 2155; x_wconf 85' lang='lat' dir='ltr'>ipsaque</span> <span class='ocrx_word' id='word_1_216' title='bbox 368 2100 435 2141; x_wconf 89' lang='lat' dir='ltr'>circuli</span> <span class='ocrx_word' id='word_1_217' title='bbox 449 2099 500 2140; x_wconf 86' lang='lat' dir='ltr'>linea</span> <span class='ocrx_word' id='word_1_218' title='bbox 509 2100 539 2140; x_wconf 90' lang='lat' dir='ltr'>vel</span> <span class='ocrx_word' id='word_1_219' title='bbox 549 2100 702 2141; x_wconf 78' lang='lat' dir='ltr'>circumferentia</span> <span class='ocrx_word' id='word_1_220' title='bbox 717 2100 807 2141; x_wconf 88' lang='lat' dir='ltr'>Ibernioo</span> <span class='ocrx_word' id='word_1_221' title='bbox 822 2101 876 2154; x_wconf 88' lang='lat' dir='ltr'>ligno</span> <span class='ocrx_word' id='word_1_222' title='bbox 887 2102 983 2156; x_wconf 85' lang='lat' dir='ltr'>descripta</span> <span class='ocrx_word' id='word_1_223' title='bbox 993 2117 1024 2142; x_wconf 80' lang='lat' dir='ltr'>er-</span> 
     </span>
     <span class='ocr_line' id='line_1_26' title="bbox 246 2155 1023 2210; baseline 0 -13"><span class='ocrx_word' id='word_1_224' title='bbox 246 2157 319 2197; x_wconf 87' lang='lat' dir='ltr'>animes</span> <span class='ocrx_word' id='word_1_225' title='bbox 329 2170 384 2210; x_wconf 85' lang='lat' dir='ltr'>sepes</span> <span class='ocrx_word' id='word_1_226' title='bbox 393 2156 453 2196; x_wconf 86' lang='lat' dir='ltr'>fuisse</span> <span class='ocrx_word' id='word_1_227' title='bbox 462 2159 547 2208; x_wconf 87' lang='lat' dir='ltr'>repertos</span> <span class='ocrx_word' id='word_1_228' title='bbox 560 2156 630 2208; x_wconf 86' lang='lat' dir='ltr'>accepi.</span> <span class='ocrx_word' id='word_1_229' title='bbox 660 2155 699 2195; x_wconf 79' lang='lat' dir='ltr'>Sed</span> <span class='ocrx_word' id='word_1_230' title='bbox 706 2159 725 2195; x_wconf 90' lang='lat' dir='ltr'>et</span> <span class='ocrx_word' id='word_1_231' title='bbox 734 2155 788 2195; x_wconf 87' lang='lat' dir='ltr'>nullo</span> <span class='ocrx_word' id='word_1_232' title='bbox 795 2157 902 2196; x_wconf 89' lang='lat' dir='ltr'>munimine</span> <span class='ocrx_word' id='word_1_233' title='bbox 909 2157 1023 2198; x_wconf 86' lang='lat' dir='ltr'>defendente</span> 
     </span>
     <span class='ocr_line' id='line_1_27' title="bbox 246 2210 1022 2266; baseline 0 -14"><span class='ocrx_word' id='word_1_234' title='bbox 246 2211 401 2266; x_wconf 86' lang='lat' dir='ltr'>Ibernisviperas</span> <span class='ocrx_word' id='word_1_235' title='bbox 407 2211 621 2263; x_wconf 87' lang='lat' dir='ltr'>minimeposseveneno</span> <span class='ocrx_word' id='word_1_236' title='bbox 628 2210 702 2251; x_wconf 88' lang='lat' dir='ltr'>officere</span> <span class='ocrx_word' id='word_1_237' title='bbox 708 2210 795 2250; x_wconf 89' lang='lat' dir='ltr'>traditur.</span> <span class='ocrx_word' id='word_1_238' title='bbox 804 2211 1022 2264; x_wconf 81' lang='lat' dir='ltr'>Idlrabeocompertum,</span> 
     </span>
     <span class='ocr_line' id='line_1_28' title="bbox 245 2265 1023 2320; baseline 0 -13"><span class='ocrx_word' id='word_1_239' title='bbox 245 2266 355 2320; x_wconf 86' lang='lat' dir='ltr'>Burdigalae</span> <span class='ocrx_word' id='word_1_240' title='bbox 365 2267 386 2307; x_wconf 90' lang='lat' dir='ltr'>in</span> <span class='ocrx_word' id='word_1_241' title='bbox 396 2265 512 2307; x_wconf 87' lang='lat' dir='ltr'>Ibernorum</span> <span class='ocrx_word' id='word_1_242' title='bbox 521 2265 629 2314; x_wconf 78' lang='lat' dir='ltr'>seminario,</span> <span class='ocrx_word' id='word_1_243' title='bbox 638 2269 724 2318; x_wconf 86' lang='lat' dir='ltr'>viperam</span> <span class='ocrx_word' id='word_1_244' title='bbox 733 2265 792 2305; x_wconf 86' lang='lat' dir='ltr'>fuisse</span> <span class='ocrx_word' id='word_1_245' title='bbox 802 2266 893 2306; x_wconf 88' lang='lat' dir='ltr'>calcatam</span> <span class='ocrx_word' id='word_1_246' title='bbox 903 2271 922 2307; x_wconf 89' lang='lat' dir='ltr'>et</span> <span class='ocrx_word' id='word_1_247' title='bbox 932 2267 1023 2307; x_wconf 83' lang='lat' dir='ltr'>obtritam</span> 
     </span>
     <span class='ocr_line' id='line_1_29' title="bbox 245 2319 1049 2375; baseline 0 -13"><span class='ocrx_word' id='word_1_248' title='bbox 245 2322 303 2363; x_wconf 89' lang='lat' dir='ltr'>nudis</span> <span class='ocrx_word' id='word_1_249' title='bbox 313 2321 394 2375; x_wconf 86' lang='lat' dir='ltr'>pedibus</span> <span class='ocrx_word' id='word_1_250' title='bbox 404 2336 415 2361; x_wconf 90' lang='lat' dir='ltr'>a</span> <span class='ocrx_word' id='word_1_251' title='bbox 425 2335 485 2374; x_wconf 89' lang='lat' dir='ltr'>puero</span> <span class='ocrx_word' id='word_1_252' title='bbox 502 2320 580 2369; x_wconf 90' lang='lat' dir='ltr'>Iberno,</span> <span class='ocrx_word' id='word_1_253' title='bbox 595 2320 628 2372; x_wconf 88' lang='lat' dir='ltr'>qui</span> <span class='ocrx_word' id='word_1_254' title='bbox 644 2334 667 2360; x_wconf 82' lang='grc'>011</span> <span class='ocrx_word' id='word_1_255' title='bbox 681 2319 760 2360; x_wconf 80' lang='lat' dir='ltr'>Ibernio</span> <span class='ocrx_word' id='word_1_256' title='bbox 775 2334 841 2361; x_wconf 86' lang='lat' dir='ltr'>reeens</span> <span class='ocrx_word' id='word_1_257' title='bbox 858 2321 954 2375; x_wconf 86' lang='lat' dir='ltr'>profectus</span> <span class='ocrx_word' id='word_1_258' title='bbox 969 2322 1022 2363; x_wconf 88' lang='lat' dir='ltr'>illam</span> <span class='ocrx_word' id='word_1_259' title='bbox 1047 2356 1049 2358; x_wconf 88' lang='lat'><em>.</em></span> 
     </span>
     <span class='ocr_line' id='line_1_30' title="bbox 245 2374 1022 2431; baseline 0 -13"><span class='ocrx_word' id='word_1_260' title='bbox 245 2377 350 2431; x_wconf 84' lang='lat' dir='ltr'>anguillam</span> <span class='ocrx_word' id='word_1_261' title='bbox 359 2377 419 2418; x_wconf 86' lang='lat' dir='ltr'>fuisse</span> <span class='ocrx_word' id='word_1_262' title='bbox 429 2375 550 2416; x_wconf 80' lang='lat' dir='ltr'>existimavit.</span> <span class='ocrx_word' id='word_1_263' title='bbox 581 2374 634 2415; x_wconf 90' lang='lat' dir='ltr'>Hinc</span> <span class='ocrx_word' id='word_1_264' title='bbox 643 2375 704 2415; x_wconf 87' lang='lat' dir='ltr'>oritur</span> <span class='ocrx_word' id='word_1_265' title='bbox 713 2389 753 2415; x_wconf 91' lang='lat' dir='ltr'>uon</span> <span class='ocrx_word' id='word_1_266' title='bbox 763 2374 845 2416; x_wconf 87' lang='lat' dir='ltr'>absurda</span> <span class='ocrx_word' id='word_1_267' title='bbox 859 2377 945 2430; x_wconf 82' lang='lat' dir='ltr'>quaestio,</span> <span class='ocrx_word' id='word_1_268' title='bbox 956 2382 1022 2418; x_wconf 91' lang='lat' dir='ltr'>utrum</span> 
     </span>
     <span class='ocr_line' id='line_1_31' title="bbox 245 2430 1021 2484; baseline 0 -11"><span class='ocrx_word' id='word_1_269' title='bbox 245 2433 288 2473; x_wconf 86' lang='lat' dir='ltr'>haee</span> <span class='ocrx_word' id='word_1_270' title='bbox 297 2433 326 2472; x_wconf 83' lang='lat' dir='ltr'>ris</span> <span class='ocrx_word' id='word_1_271' title='bbox 337 2432 362 2473; x_wconf 88' lang='lat' dir='ltr'>sit</span> <span class='ocrx_word' id='word_1_272' title='bbox 371 2432 440 2472; x_wconf 83' lang='lat' dir='ltr'>insulae</span> <span class='ocrx_word' id='word_1_273' title='bbox 450 2431 471 2470; x_wconf 91' lang='grc'>111</span> <span class='ocrx_word' id='word_1_274' title='bbox 481 2431 542 2484; x_wconf 90' lang='lat' dir='ltr'>prima</span> <span class='ocrx_word' id='word_1_275' title='bbox 551 2444 615 2470; x_wconf 88' lang='lat' dir='ltr'>rerum</span> <span class='ocrx_word' id='word_1_276' title='bbox 630 2431 725 2471; x_wconf 82' lang='lat' dir='ltr'>creatione</span> <span class='ocrx_word' id='word_1_277' title='bbox 740 2430 763 2470; x_wconf 88' lang='lat' dir='ltr'>ab</span> <span class='ocrx_word' id='word_1_278' title='bbox 777 2431 857 2472; x_wconf 88' lang='lat' dir='ltr'>authore</span> <span class='ocrx_word' id='word_1_279' title='bbox 873 2436 947 2472; x_wconf 86' lang='lat' dir='ltr'>naturae</span> <span class='ocrx_word' id='word_1_280' title='bbox 956 2433 1021 2482; x_wconf 87' lang='lat' dir='ltr'>insita,</span> 
     </span>
     <span class='ocr_line' id='line_1_32' title="bbox 246 2484 1021 2541; baseline 0 -13"><span class='ocrx_word' id='word_1_281' title='bbox 246 2503 270 2528; x_wconf 90' lang='lat' dir='ltr'>an</span> <span class='ocrx_word' id='word_1_282' title='bbox 279 2491 346 2541; x_wconf 85' lang='lat' dir='ltr'>postea</span> <span class='ocrx_word' id='word_1_283' title='bbox 354 2488 447 2528; x_wconf 87' lang='lat' dir='ltr'>divinitus</span> <span class='ocrx_word' id='word_1_284' title='bbox 456 2485 534 2526; x_wconf 77' lang='lat' dir='ltr'>indita?</span> <span class='ocrx_word' id='word_1_285' title='bbox 554 2484 586 2525; x_wconf 82' lang='lat' dir='ltr'>Ab</span> <span class='ocrx_word' id='word_1_286' title='bbox 594 2485 627 2525; x_wconf 90' lang='lat' dir='ltr'>illa</span> <span class='ocrx_word' id='word_1_287' title='bbox 633 2490 687 2538; x_wconf 87' lang='lat' dir='ltr'>parte</span> <span class='ocrx_word' id='word_1_288' title='bbox 697 2489 736 2526; x_wconf 88' lang='lat' dir='ltr'>stat</span> <span class='ocrx_word' id='word_1_289' title='bbox 745 2486 851 2527; x_wconf 87' lang='lat' dir='ltr'>authoritas</span> <span class='ocrx_word' id='word_1_290' title='bbox 862 2487 927 2536; x_wconf 79' lang='lat' dir='ltr'>Solini,</span> <span class='ocrx_word' id='word_1_291' title='bbox 939 2489 973 2540; x_wconf 75' lang='lat' dir='ltr'>quai</span> <span class='ocrx_word' id='word_1_292' title='bbox 982 2502 1021 2528; x_wconf 94' lang='lat' dir='ltr'>me-</span> 
     </span>
     <span class='ocr_line' id='line_1_33' title="bbox 244 2540 1021 2594; baseline 0 -11"><span class='ocrx_word' id='word_1_293' title='bbox 244 2546 306 2583; x_wconf 88' lang='lat' dir='ltr'>morat</span> <span class='ocrx_word' id='word_1_294' title='bbox 322 2543 343 2583; x_wconf 86' lang='lat' dir='ltr'>in</span> <span class='ocrx_word' id='word_1_295' title='bbox 353 2543 431 2583; x_wconf 88' lang='lat' dir='ltr'>Ibernia</span> <span class='ocrx_word' id='word_1_296' title='bbox 447 2541 513 2581; x_wconf 89' lang='lat' dir='ltr'>nullos</span> <span class='ocrx_word' id='word_1_297' title='bbox 529 2554 602 2594; x_wconf 79' lang='lat' dir='ltr'>angues</span> <span class='ocrx_word' id='word_1_298' title='bbox 617 2540 682 2581; x_wconf 73' lang='lat' dir='ltr'>fuisse.</span> <span class='ocrx_word' id='word_1_299' title='bbox 712 2541 755 2593; x_wconf 83' lang='lat' dir='ltr'>Ilgo</span> <span class='ocrx_word' id='word_1_300' title='bbox 772 2555 817 2581; x_wconf 89' lang='lat' dir='ltr'>vero</span> <span class='ocrx_word' id='word_1_301' title='bbox 833 2546 899 2583; x_wconf 90' lang='lat' dir='ltr'>contra</span> <span class='ocrx_word' id='word_1_302' title='bbox 916 2545 984 2583; x_wconf 88' lang='lat' dir='ltr'>censeo</span> <span class='ocrx_word' id='word_1_303' title='bbox 1002 2547 1021 2583; x_wconf 89' lang='lat' dir='ltr'>et</span> 
     </span>
     <span class='ocr_line' id='line_1_34' title="bbox 245 2596 1020 2651; baseline 0.001 -13"><span class='ocrx_word' id='word_1_304' title='bbox 245 2598 333 2638; x_wconf 79' lang='lat' dir='ltr'>Solinum</span> <span class='ocrx_word' id='word_1_305' title='bbox 343 2597 366 2638; x_wconf 92' lang='lat' dir='ltr'>de</span> <span class='ocrx_word' id='word_1_306' title='bbox 376 2597 455 2638; x_wconf 88' lang='lat' dir='ltr'>Ibernia</span> <span class='ocrx_word' id='word_1_307' title='bbox 471 2596 521 2636; x_wconf 87' lang='lat' dir='ltr'>nihil</span> <span class='ocrx_word' id='word_1_308' title='bbox 536 2600 609 2636; x_wconf 87' lang='lat' dir='ltr'>certum</span> <span class='ocrx_word' id='word_1_309' title='bbox 626 2596 717 2636; x_wconf 88' lang='lat' dir='ltr'>habuisse</span> <span class='ocrx_word' id='word_1_310' title='bbox 732 2600 751 2636; x_wconf 89' lang='lat' dir='ltr'>et</span> <span class='ocrx_word' id='word_1_311' title='bbox 767 2602 812 2649; x_wconf 88' lang='lat' dir='ltr'>post</span> <span class='ocrx_word' id='word_1_312' title='bbox 826 2598 866 2650; x_wconf 81' lang='lat' dir='ltr'>ejus</span> <span class='ocrx_word' id='word_1_313' title='bbox 880 2602 967 2651; x_wconf 89' lang='lat' dir='ltr'>tempora</span> <span class='ocrx_word' id='word_1_314' title='bbox 983 2598 1020 2639; x_wconf 88' lang='grc'><strong>1100</strong></span> 
     </span>
     <span class='ocr_line' id='line_1_35' title="bbox 244 2650 1019 2707; baseline 0 -15"><span class='ocrx_word' id='word_1_315' title='bbox 244 2653 364 2702; x_wconf 85' lang='lat' dir='ltr'>beneficium,</span> <span class='ocrx_word' id='word_1_316' title='bbox 374 2653 396 2693; x_wconf 87' lang='lat' dir='ltr'>iu</span> <span class='ocrx_word' id='word_1_317' title='bbox 404 2653 455 2693; x_wconf 87' lang='grc'><strong>110110</strong></span> <span class='ocrx_word' id='word_1_318' title='bbox 470 2652 553 2692; x_wconf 88' lang='lat' dir='ltr'>insulam</span> <span class='ocrx_word' id='word_1_319' title='bbox 563 2666 574 2691; x_wconf 92' lang='lat' dir='ltr'>a</span> <span class='ocrx_word' id='word_1_320' title='bbox 584 2650 627 2691; x_wconf 88' lang='lat' dir='ltr'>Deo</span> <span class='ocrx_word' id='word_1_321' title='bbox 643 2651 703 2691; x_wconf 87' lang='lat' dir='ltr'>fuisse</span> <span class='ocrx_word' id='word_1_322' title='bbox 718 2650 809 2691; x_wconf 87' lang='lat' dir='ltr'>collatum</span> <span class='ocrx_word' id='word_1_323' title='bbox 825 2652 913 2707; x_wconf 87' lang='lat' dir='ltr'>precibus</span> <span class='ocrx_word' id='word_1_324' title='bbox 927 2652 1019 2693; x_wconf 72' lang='grc' dir='ltr'><strong>11111Ρο-</strong></span> 
     </span>
     <span class='ocr_line' id='line_1_36' title="bbox 244 2705 1019 2761; baseline 0 -13"><span class='ocrx_word' id='word_1_325' title='bbox 244 2708 293 2748; x_wconf 89' lang='lat' dir='ltr'>tritii</span> <span class='ocrx_word' id='word_1_326' title='bbox 302 2708 388 2760; x_wconf 84' lang='lat' dir='ltr'>praesidis</span> <span class='ocrx_word' id='word_1_327' title='bbox 404 2707 478 2757; x_wconf 85' lang='lat' dir='ltr'>insulae,</span> <span class='ocrx_word' id='word_1_328' title='bbox 489 2708 522 2760; x_wconf 90' lang='lat' dir='ltr'>qui</span> <span class='ocrx_word' id='word_1_329' title='bbox 538 2707 611 2760; x_wconf 88' lang='lat' dir='ltr'>accepit</span> <span class='ocrx_word' id='word_1_330' title='bbox 621 2721 632 2746; x_wconf 97' lang='grc'>0</span> <span class='ocrx_word' id='word_1_331' title='bbox 641 2706 683 2747; x_wconf 85' lang='lat' dir='ltr'>Deo</span> <span class='ocrx_word' id='word_1_332' title='bbox 693 2705 779 2759; x_wconf 86' lang='lat' dir='ltr'>praesidis</span> <span class='ocrx_word' id='word_1_333' title='bbox 794 2711 814 2747; x_wconf 84' lang='lat' dir='ltr'>et</span> <span class='ocrx_word' id='word_1_334' title='bbox 829 2708 916 2761; x_wconf 90' lang='lat' dir='ltr'>praesulis</span> <span class='ocrx_word' id='word_1_335' title='bbox 929 2708 1019 2761; x_wconf 83' lang='lat' dir='ltr'>insignia,</span> 
     </span>
     <span class='ocr_line' id='line_1_37' title="bbox 243 2761 1019 2816; baseline 0 -13"><span class='ocrx_word' id='word_1_336' title='bbox 243 2763 316 2803; x_wconf 88' lang='lat' dir='ltr'>librum</span> <span class='ocrx_word' id='word_1_337' title='bbox 326 2763 359 2814; x_wconf 88' lang='lat' dir='ltr'>qui</span> <span class='ocrx_word' id='word_1_338' title='bbox 368 2762 474 2816; x_wconf 83' lang='lat' dir='ltr'>Evangelia</span> <span class='ocrx_word' id='word_1_339' title='bbox 483 2765 603 2804; x_wconf 87' lang='lat' dir='ltr'>sacrosancta</span> <span class='ocrx_word' id='word_1_340' title='bbox 613 2761 730 2810; x_wconf 87' lang='lat' dir='ltr'>continebat,</span> <span class='ocrx_word' id='word_1_341' title='bbox 741 2764 760 2800; x_wconf 92' lang='grc'>01</span> <span class='ocrx_word' id='word_1_342' title='bbox 769 2761 859 2803; x_wconf 89' lang='lat' dir='ltr'>baculum</span> <span class='ocrx_word' id='word_1_343' title='bbox 870 2777 907 2816; x_wconf 80' lang='lat' dir='ltr'>quo</span> <span class='ocrx_word' id='word_1_344' title='bbox 918 2766 937 2802; x_wconf 89' lang='lat' dir='ltr'>et</span> <span class='ocrx_word' id='word_1_345' title='bbox 946 2777 1019 2816; x_wconf 82' lang='lat' dir='ltr'>angues</span> 
     </span>
     <span class='ocr_line' id='line_1_38' title="bbox 243 2816 1019 2869; baseline -0.001 -10"><span class='ocrx_word' id='word_1_346' title='bbox 243 2817 328 2859; x_wconf 87' lang='lat' dir='ltr'>insulam</span> <span class='ocrx_word' id='word_1_347' title='bbox 342 2817 454 2858; x_wconf 88' lang='lat' dir='ltr'>infestantes</span> <span class='ocrx_word' id='word_1_348' title='bbox 471 2818 559 2858; x_wconf 85' lang='lat' dir='ltr'>funditus</span> <span class='ocrx_word' id='word_1_349' title='bbox 577 2816 653 2858; x_wconf 83' lang='lat' dir='ltr'>delevit.</span> <span class='ocrx_word' id='word_1_350' title='bbox 682 2816 715 2856; x_wconf 88' lang='lat' dir='ltr'>Ita</span> <span class='ocrx_word' id='word_1_351' title='bbox 726 2816 829 2869; x_wconf 85' lang='lat' dir='ltr'>perhibent</span> <span class='ocrx_word' id='word_1_352' title='bbox 838 2818 922 2859; x_wconf 90' lang='lat' dir='ltr'>Ibernici</span> <span class='ocrx_word' id='word_1_353' title='bbox 931 2816 982 2868; x_wconf 87' lang='lat' dir='ltr'>libri,</span> <span class='ocrx_word' id='word_1_354' title='bbox 992 2819 1019 2858; x_wconf 89' lang='lat' dir='ltr'>ita</span> 
     </span>
     <span class='ocr_line' id='line_1_39' title="bbox 242 2871 816 2926; baseline -0.002 -13"><span class='ocrx_word' id='word_1_355' title='bbox 242 2875 340 2914; x_wconf 84' lang='lat' dir='ltr'>testantur</span> <span class='ocrx_word' id='word_1_356' title='bbox 349 2873 437 2913; x_wconf 87' lang='lat' dir='ltr'>authores</span> <span class='ocrx_word' id='word_1_357' title='bbox 448 2874 481 2926; x_wconf 83' lang='lat' dir='ltr'>qui</span> <span class='ocrx_word' id='word_1_358' title='bbox 490 2873 537 2914; x_wconf 88' lang='lat' dir='ltr'>Divi</span> <span class='ocrx_word' id='word_1_359' title='bbox 545 2873 606 2913; x_wconf 84' lang='lat' dir='ltr'>vitam</span> <span class='ocrx_word' id='word_1_360' title='bbox 615 2871 684 2913; x_wconf 89' lang='lat' dir='ltr'>litteris</span> <span class='ocrx_word' id='word_1_361' title='bbox 693 2871 816 2912; x_wconf 88' lang='lat' dir='ltr'>mandarunt.</span> 
     </span>
    </p>

    <p class='ocr_par' dir='ltr' id='par_1_8' title="bbox 242 2927 1018 3037">
     <span class='ocr_line' id='line_1_40' title="bbox 271 2927 1018 2982; baseline 0.001 -14"><span class='ocrx_word' id='word_1_362' title='bbox 271 2928 298 2968; x_wconf 93' lang='lat' dir='ltr'>In</span> <span class='ocrx_word' id='word_1_363' title='bbox 315 2941 337 2967; x_wconf 85' lang='lat' dir='ltr'>ea</span> <span class='ocrx_word' id='word_1_364' title='bbox 353 2927 497 2968; x_wconf 86' lang='lat' dir='ltr'>Momoniarmu</span> <span class='ocrx_word' id='word_1_365' title='bbox 511 2932 565 2982; x_wconf 89' lang='lat' dir='ltr'>parte</span> <span class='ocrx_word' id='word_1_366' title='bbox 580 2942 629 2981; x_wconf 87' lang='lat' dir='ltr'>quae</span> <span class='ocrx_word' id='word_1_367' title='bbox 639 2927 746 2980; x_wconf 84' lang='lat' dir='ltr'>Lageniam</span> <span class='ocrx_word' id='word_1_368' title='bbox 761 2927 864 2980; x_wconf 86' lang='lat' dir='ltr'>contingit,</span> <span class='ocrx_word' id='word_1_369' title='bbox 873 2927 917 2967; x_wconf 89' lang='lat' dir='ltr'>lacu</span> <span class='ocrx_word' id='word_1_370' title='bbox 931 2928 1018 2981; x_wconf 87' lang='lat' dir='ltr'>undique</span> 
     </span>
     <span class='ocr_line' id='line_1_41' title="bbox 242 2982 1018 3037; baseline -0.003 -11"><span class='ocrx_word' id='word_1_371' title='bbox 242 2983 328 3037; x_wconf 82' lang='lat' dir='ltr'>cingitur</span> <span class='ocrx_word' id='word_1_372' title='bbox 344 2982 407 3023; x_wconf 87' lang='lat' dir='ltr'>insula</span> <span class='ocrx_word' id='word_1_373' title='bbox 417 2997 482 3036; x_wconf 83' lang='lat' dir='ltr'>parva,</span> <span class='ocrx_word' id='word_1_374' title='bbox 492 2983 541 3024; x_wconf 88' lang='lat' dir='ltr'>fanis</span> <span class='ocrx_word' id='word_1_375' title='bbox 558 2986 578 3023; x_wconf 92' lang='lat' dir='ltr'>et</span> <span class='ocrx_word' id='word_1_376' title='bbox 593 2982 710 3024; x_wconf 88' lang='lat' dir='ltr'>solemnibus</span> <span class='ocrx_word' id='word_1_377' title='bbox 725 2982 869 3024; x_wconf 84' lang='lat' dir='ltr'>circuitionibus</span> <span class='ocrx_word' id='word_1_378' title='bbox 885 2997 943 3033; x_wconf 84' lang='lat' dir='ltr'>sacra,</span> <span class='ocrx_word' id='word_1_379' title='bbox 960 2997 1018 3037; x_wconf 86' lang='lat' dir='ltr'>quam</span> 
     </span>
    </p>
   </div>
   <div class='ocr_carea' id='block_1_6' title="bbox 0 0 1124 3535">
    <p class='ocr_par' dir='ltr' id='par_1_9' title="bbox 0 0 1124 3535">
     <span class='ocr_line' id='line_1_42' title="bbox 0 0 1124 3535; baseline 0 6"><span class='ocrx_word' id='word_1_380' title='bbox 0 0 1124 3535; x_wconf 95' lang='lat' dir='ltr'> </span> 
     </span>
    </p>
   </div>
  </div>
 </body>
</html>
