2237 3535
114 390 156 417 ear.
167 389 219 416 xvru.
275 389 301 416 nn
312 390 407 421 ouxrvon
416 390 488 417 narnis
498 388 657 417 rensncumorrs
667 388 758 417 rvrcrrs.
843 378 882 416 295

428 590 486 630 onP.
502 588 572 629 XVII.

289 736 317 768 De
325 734 445 780 religionibus,
455 733 539 777 collegiis,
547 738 565 765 et
573 732 700 765 sacerdotibus.

108 860 151 900 ΕΔΜ
166 874 211 901 vero
227 876 283 914 quam
299 877 354 915 opem
369 861 390 901 in
406 862 456 902 hanc
470 861 621 914 persecutionem
636 864 706 902 exterae
725 861 792 911 gentes
802 857 878 900 lbemis

110 916 177 964 ferant,
188 915 269 956 breviter
279 917 346 966 dicam,
357 921 375 957 et
385 920 436 956 certe
452 930 492 956 non
506 915 591 955 mediocr
602 914 673 955 auxilio
684 913 778 967 spirituali
791 914 844 967 (nam
854 915 878 955 de

106 970 143 1009 hoc
149 969 252 1024 loquimur)
261 972 302 1012 haec
308 972 371 1011 insula
376 971 455 1023 juvatur
464 970 488 1011 ab
499 970 588 1010 externisi
593 969 704 1010 nationibus
712 968 794 1009 Ibernos
803 969 876 1010 studio-

105 1039 136 1064 sos
150 1037 245 1066 sacrarum
258 1026 370 1075 litterarum,
385 1029 404 1065 et
424 1026 538 1078 optimarum
548 1026 618 1065 artium
634 1025 684 1065 lacte
699 1023 837 1065 educantibus:
853 1040 875 1066 ac

103 1079 211 1121 mehercule
219 1095 253 1134 par
262 1085 296 1130 est,
306 1085 329 1121 ut
343 1094 387 1121 cum
396 1079 474 1120 Ibernia
484 1080 580 1133 quondam
590 1080 655 1120 multis
665 1078 755 1132 gentibus
766 1079 874 1120 doctrinam

103 1135 257 1187 suppeditaverit,
267 1136 440 1189 Evangelicamqne
450 1135 547 1174 veritatem
563 1135 683 1187 profligatam
700 1134 804 1174 restituerit
820 1149 873 1176 nunc

102 1189 167 1229 multae
176 1204 220 1230 oum
229 1204 268 1230 rma
284 1191 336 1243 paria
350 1189 426 1230 faciant.
455 1189 563 1242 Phillippus
573 1189 711 1242 Hispaniarum
721 1188 762 1229 Rex
772 1189 872 1231 studiosis-

103 1243 172 1283 simum
181 1244 283 1285 Christiani
289 1245 372 1285 nominis
377 1244 549 1297 propugnaculum,
556 1248 576 1284 et
582 1245 665 1284 ecclesia
671 1243 775 1284 Catholicae
780 1244 870 1294 fulcrum,

101 1298 201 1339 miseratus
219 1300 267 1339 hanc
287 1299 369 1339 lberniae
388 1298 471 1338 ecelesiae
491 1298 622 1347 calamitatem,
643 1297 750 1338 subsidium
768 1298 870 1349 laboranti,

98 1352 175 1406 jamque
191 1368 240 1407 pene
256 1354 330 1394 cadenti
344 1353 388 1393 fidei
402 1353 471 1393 insulae
480 1353 694 1393 honorificentissimum
703 1356 759 1405 atque
769 1353 870 1394 saluberri-

99 1421 153 1447 mum
169 1408 257 1460 providit,
273 1409 319 1448 dum
332 1407 414 1448 iberniae
427 1408 525 1461 juventuti
541 1408 633 1447 litteraria
649 1408 738 1460 palaestra
754 1409 869 1458 excolendae,
890 1425 892 1428 ’

99 1466 119 1501 et
135 1463 191 1502 sacris
209 1463 306 1503 ordinibus
320 1462 419 1502 initiandae
429 1462 534 1510 seminaria,
549 1476 592 1515 quae
605 1461 663 1501 hodie
672 1462 746 1510 florent,
756 1463 842 1503 instituit
852 1470 871 1504 et

98 1517 223 1569 vectigalibus
239 1518 368 1570 locupletavit,
384 1520 408 1555 ut
417 1516 462 1556 inde
472 1516 578 1556 sacerdotes
588 1516 674 1556 doctrina
682 1516 775 1569 bonisque
784 1519 871 1558 moribus

97 1571 167 1611 imbuti
176 1572 197 1611 in
207 1572 304 1612 lberniam
318 1571 388 1611 reversi
398 1570 458 1610 divini
467 1570 520 1610 verbi
529 1571 603 1611 semina
612 1571 727 1619 diffundant,
742 1576 800 1624 atque
809 1587 870 1626 popu-

96 1625 138 1665 lum
153 1627 233 1667 immani
249 1630 362 1679 tempestate
375 1639 491 1665 concussum
505 1626 526 1665 in
539 1626 636 1666 tutissimo
645 1630 704 1678 portu
713 1626 757 1666 fidei
767 1626 870 1668 Catholicae

97 1681 213 1721 contineant.
234 1681 389 1729 Salmanticense,
400 1680 614 1734 Compostellanumque
623 1681 724 1721 seminaria
733 1685 778 1721 snut
793 1682 870 1736 abipso

95 1748 140 1787 rege
150 1736 262 1786 eonstituta3
273 1735 423 1790 Ulyssiponense
433 1749 444 1775 a
453 1735 551 1775 Lusitanis
562 1735 694 1789 optimaltibus
700 1736 798 1789 inceptum
806 1752 817 1777 a
824 1752 869 1791 rege

95 1795 179 1830 auctum.
209 1791 257 1831 Haec
266 1806 277 1831 a
286 1789 416 1831 sacerdotibus
426 1789 499 1830 clericis
505 1791 589 1843 primum
594 1791 727 1830 florentissime
737 1791 869 1833 administrata

94 1858 167 1885 nunca
182 1845 267 1898 patribus
282 1846 376 1886 societatis
393 1844 442 1884 Jesu
457 1844 532 1885 lbernis
549 1845 638 1898 praeclare
653 1849 761 1898 regnantur
776 1846 832 1887 instit
846 1852 867 1888 tc

93 1898 154 1951 ipsius
164 1914 221 1939 sacrae
232 1900 336 1953 religionis,
343 1913 385 1952 quae
391 1903 457 1939 contra
462 1899 625 1953 perturbationem
631 1901 742 1940 insanorum
753 1900 866 1953 dogmatum

93 1953 129 1993 hac
145 1958 257 2006 tempestate
273 1959 331 2007 caput
347 1953 479 1994 extollentium
490 1954 513 1994 ad
522 1954 582 2003 rudis,
599 1959 657 2007 atque
671 1959 741 1995 tenerae
755 1956 864 2008 juventutis

93 2009 165 2048 animos
182 2009 237 2049 bonis
253 2009 343 2058 moribus,
359 2011 416 2060 atque
425 2008 485 2049 literis
494 2008 608 2049 imbuendos
618 2009 683 2049 divino
693 2009 775 2062 quadam
784 2024 864 2052 munere

92 2064 196 2103 constituta
211 2067 245 2103 est.
262 2063 339 2116 Hispali
356 2066 445 2117 quartum
459 2068 488 2103 est
497 2063 520 2103 ab
531 2063 679 2117 Hispalensibus
689 2065 814 2117 optimatibus
831 2066 863 2107 de-

91 2122 163 2166 votum,
180 2118 270 2172 regiaque
279 2132 316 2171 ope
325 2118 413 2171 adjutum
422 2117 443 2157 in
452 2118 499 2171 ipsis
508 2118 571 2158 adhuc
587 2118 686 2159 cunabulis
696 2119 802 2160 uberrimos
811 2121 862 2162 fruc-

91 2175 123 2211 tus
132 2186 206 2224 gerens.

119 2226 171 2266 Hlnd
181 2231 251 2277 autem,
261 2227 313 2280 quod
322 2227 374 2268 idem
383 2227 493 2268 Catholicns
506 2227 549 2267 Paex
562 2228 584 2268 in
599 2228 662 2268 Gallia
677 2228 756 2280 Belgica
765 2229 862 2270 Levaniit

90 2280 220 2322 Franciscanis
235 2282 328 2336 religiosis
345 2282 452 2322 construxit
461 2282 556 2322 beneficiis
566 2283 587 2322 in
597 2283 700 2331 iberniam,
710 2297 787 2336 remque
796 2284 861 2337 publi-

90 2350 130 2376 cam
145 2336 272 2377 Christianam
288 2337 400 2386 eruditione,
411 2337 527 2379 etdoctrina
542 2338 624 2378 maxime
634 2337 755 2379 memorabile
765 2343 801 2379 est.
831 2340 860 2381 Si-

112 2483 119 2499 *
131 2481 183 2515 Anno
193 2482 238 2518 1607
246 2484 265 2517 M
267 2494 307 2516 ense
316 2483 364 2518 Maio
373 2482 450 2526 cepimus
463 2482 543 2516 habitare
554 2483 573 2517 in
582 2485 638 2518 ‚domo
647 2483 755 2517 conductitia
762 2495 818 2529 prope
831 2497 859 2519 ca.

86 2527 151 2571 pellam
158 2528 176 2561 S.
186 2528 259 2561 Antonii
267 2528 342 2562 Lovanii
351 2528 445 2571 eodemque
459 2539 504 2561 anno
519 2530 607 2562 emanavit
615 2529 664 2562 bulla
671 2529 760 2563 Pontificis
770 2529 824 2563 Pauli
832 2531 857 2565 V.

86 2583 119 2615 pro
127 2571 188 2606 nostrai
195 2572 304 2613 fundatione,
319 2574 347 2607 eui
360 2577 421 2618 postea
435 2573 508 2605 accessit
521 2573 609 2616 placetum
617 2574 701 2619 principis
710 2578 728 2606 et
739 2586 749 2606 a
757 2574 829 2609 civitate
837 2588 858 2610 ac

86 2617 200 2651 universitate
208 2618 294 2662 acceptati
301 2618 377 2652 fuimus:
390 2618 464 2650 facultas
479 2618 543 2651 artium
552 2620 639 2652 concessit
646 2619 696 2652 nobis
704 2630 755 2651 usum
766 2619 818 2653 istius
830 2633 859 2655 ea-

86 2662 135 2705 pellae
144 2663 221 2707 quandiu
228 2663 252 2695 ibi
260 2674 375 2697 maneremus.
400 2663 471 2695 Primos
482 2662 558 2696 novitios
571 2665 669 2708 recepimus
680 2666 702 2698 2⁰
710 2664 738 2696 die
750 2664 857 2700 Novembris

86 2706 219 2748 ejusdemanni.
238 2708 301 2742 Studia
307 2708 427 2752 philosophica
435 2708 486 2752 paulo
495 2712 534 2751 post
542 2708 624 2742 inchoata
632 2713 685 2751 sunt3
695 2708 795 2753 theologica
803 2712 857 2755 paulo

86 2753 219 2787 aute-Momm
256 2756 297 2787 ,95-
521 2782 523 2784 .

108 2765 325 2843 Annol617ihdeptaest
338 2797 405 2831 fabrica
420 2798 481 2830 domus
495 2801 559 2832 nostrae
571 2809 626 2837 novae,
635 2810 666 2831 seu
678 2797 827 2843 collegiifundati
839 2807 858 2836 et

85 2843 140 2875 erecti
145 2846 177 2886 pro
185 2844 236 2877 nobis
244 2844 284 2888 ipsis
293 2842 438 2877 afundarnentis:
450 2842 554 2876 serenissimi
562 2843 650 2887 principes
659 2843 744 2877 Albertus
753 2849 771 2878 et
779 2845 858 2882 isabella

84 2884 131 2962 ildito
141 2895 239 2930 posuerunt
246 2890 321 2934 lapidem
329 2888 431 2934 augularem
439 2887 456 2921 in
469 2887 544 2932 propriis
558 2889 637 2932 personis
650 2889 674 2922 ibi
690 2888 791 2931 existentes,
801 2893 856 2933 810,-

107 2940 130 2962 zv.
137 2943 154 2974 p.
166 2935 205 2969 ior.
