2237 3535
255 379 294 417 122
379 380 513 421 o’sonnnmur
527 390 628 419 nrsronnn
643 391 768 432 carnonrcn,
783 394 832 423 rou.
847 392 871 420 11.
931 379 981 432 [ars.
996 392 1025 420 rr.

251 486 315 532 iugum
322 488 371 522 vobis
385 489 407 523 ab
419 488 482 533 Anglis
496 489 514 527 S,
528 487 553 521 lt.
567 485 592 520 Ε.
606 486 727 523 desertoribus
740 490 843 534 impositum
856 487 949 534 depellere,
958 498 1025 522 summo

252 533 307 566 animi
315 534 380 567 ardore
389 533 482 577 cogitabat,
490 544 523 578 pro
532 531 580 565 virili
592 536 652 565 vestra
666 543 726 566 omnes
734 535 800 575 adesse,
809 546 882 580 eumque
895 537 958 568 contra
965 533 999 566 Dei
1008 537 1026 567 et

253 582 321 612 vestros
335 577 394 612 hostes
408 578 434 610 ire
447 582 546 622 parantem,
560 576 642 622 prompte
657 587 678 610 ac
692 581 763 612 strenue
775 579 860 623 adjuvare
868 579 930 618 velitis,
940 582 958 611 et
966 589 999 621 quo
1007 578 1027 611 id

253 622 328 656 alacrius
336 622 435 664 effeceritis,
444 622 524 657 omnibus
537 621 618 656 contritis
633 626 651 655 et
664 622 754 662 confessis,
761 625 792 667 qui
804 625 861 669 ipsum
869 625 954 659 Iacobum
963 623 1025 656 ducem

252 667 322 712 eiusque
331 667 428 701 exercitum
437 667 534 702 Catholicae
542 667 595 701 Fidei
602 670 710 701 assertorem
718 671 736 700 et
743 675 894 713 propugnatorem
906 668 976 713 sequuti
984 667 1026 701 fuis-

252 716 296 751 sent,
305 716 322 744 et
330 721 348 744 se
355 711 383 745 illi
394 712 522 754 adiunxissent‚
536 717 568 746 aut
582 711 661 751 consilio,
674 711 741 752 fauore,
756 715 889 755 commeatibus,
901 714 960 752 armis,
968 712 1025 757 alijsq,

251 756 317 806 bellicis
324 756 385 796 rebus,
393 768 424 791 seu
438 769 548 802 quacumque
560 757 635 799 ratione,
649 757 665 791 ei
677 757 696 790 in
709 757 741 791 hac
756 759 867 801 expeditione
875 771 924 805 spem
932 758 1025 799 dedissent,

250 801 347 846 plenarum
355 803 434 836 omnium
441 807 544 847 pecatorum
552 812 625 835 suorum
633 802 702 836 veniam
710 806 728 835 et
735 802 862 846 remissionem,
870 812 889 839 et
900 805 979 842 eandem,
988 814 1025 847 quoe

249 845 401 891 proficiscentibus
409 848 433 881 ad
440 847 506 881 bellum
514 851 577 881 contra
592 847 661 880 Turcas
673 851 692 880 et
703 847 726 880 ad
739 849 892 892 recuperationem
900 852 1025 884 terraesanctae

249 901 282 936 per
289 890 381 926 Romanos
393 892 489 927 Pontifices
496 892 585 937 impertiri
592 892 646 925 solita
653 896 686 931 est,
698 892 821 927 concessimus
845 894 909 938 Nuper
917 899 982 932 autem,
990 904 1025 926 non

249 936 286 969 sine
294 936 347 978 graui
354 937 408 971 animi
415 938 472 971 nostri
481 938 542 972 dolore
550 949 583 981 per
596 948 627 971 vos
640 941 720 982 accepto,
732 937 790 981 ipsum
802 937 891 973 Jacobum
904 940 977 973 fortiter
985 949 1025 971 cum
1081 965 1083 971 ,

248 981 328 1015 hostibus
337 981 438 1016 dimicando
446 982 501 1025 (sicut
508 983 586 1016 Domino
599 982 676 1026 placuit]
688 981 790 1016 occubuisse
797 995 802 1023 ;
816 983 900 1017 dilectum
907 995 950 1018 vero
958 983 1025 1018 Filium

248 1025 335 1060 Joannem
351 1026 468 1062 Geraldinunr
487 1027 525 1072 ejus
545 1027 670 1061 consobrinum
684 1026 702 1060 in
716 1027 827 1071 expeditione
844 1028 946 1072 hujusmodi
960 1028 1025 1063 ‚eximia

247 1071 314 1116 pietate
327 1075 347 1105 et
360 1072 413 1106 animi
425 1072 547 1117 magnitudine
562 1075 643 1116 (auctore
657 1072 703 1112 Deo,
715 1074 765 1116 eujus
777 1084 831 1106 causa
838 1074 906 1116 agitur)
915 1073 1023 1112 successisse,

248 1116 374 1161 compluraque
383 1118 454 1162 egregia
462 1118 542 1152 facinora
557 1118 578 1151 de
593 1117 687 1151 Oatholioa
694 1118 729 1151 fide
736 1118 781 1151 bene
788 1118 872 1151 merendo
883 1118 922 1161 jam
937 1117 1022 1151 edidisse:

247 1161 314 1194 idcirco
322 1173 353 1195 vos
362 1174 422 1197 omnes
431 1168 448 1197 et
456 1163 534 1207 singulos
546 1162 617 1207 majori,
626 1174 661 1206 quo
674 1173 766 1206 possumus
778 1162 848 1201 affectu,
857 1162 958 1202 hortamur,
966 1163 1024 1207 requi-

247 1206 303 1239 rimus
311 1210 329 1239 et
336 1218 421 1252 urgemus
429 1208 447 1241 in
454 1208 539 1247 Domino,
547 1212 568 1241 ut
581 1208 656 1241 eundem
664 1208 676 1241 J
677 1218 750 1241 oannem
758 1207 835 1247 Ducem,
844 1206 917 1252 ejusque
925 1207 1023 1241 exercitum

247 1251 295 1285 omni
303 1262 342 1296 ope,
351 1254 499 1296 quemadmodum
512 1253 580 1287 dictum
591 1252 603 1286 J
604 1253 679 1286 acobum
693 1253 785 1292 viventem,
797 1257 818 1286 ut
832 1252 916 1292 feceritis,
924 1263 955 1286 vos
964 1253 1023 1286 admo·

246 1297 324 1338 nuimus,
332 1303 396 1332 contra
402 1298 459 1331 dictos
467 1299 560 1332 haereticos
568 1297 654 1340 adjuvare
662 1297 753 1331 studeatis.
779 1297 824 1331 Haec
832 1297 879 1331 enim
885 1297 935 1331 vobis
944 1298 1025 1330 omnibus

247 1341 330 1375 confessis
338 1347 357 1376 et
365 1344 504 1385 communicatis,
513 1348 531 1377 et
545 1343 608 1376 vestris
623 1342 697 1387 singulis
706 1342 724 1375 in
737 1342 790 1376 dictis
802 1343 867 1376 litteris
885 1346 974 1381 contenta,
982 1353 1024 1386 pro-

246 1387 284 1430 ipso
293 1386 305 1420 J
306 1398 367 1429 oanne,
375 1392 393 1421 et
401 1388 440 1431 ejus
452 1388 537 1430 exercitu,
552 1387 670 1431 facientibns3
682 1392 700 1421 et
708 1392 748 1432 post
754 1387 810 1432 ipsius
819 1387 893 1428 obitum,
902 1388 917 1420 si
925 1387 973 1420 forte
982 1398 1023 1420 con-

247 1432 308 1477 tigerit
316 1433 374 1477 (quod
381 1433 431 1467 Deus
439 1439 519 1468 avertere
527 1434 619 1478 dignene)
632 1433 697 1467 Jacobi
710 1433 747 1476 ejus
761 1433 815 1467 fratri
827 1432 957 1466 adhaerentibus
970 1436 1022 1476 atque

247 1476 353 1520 faventibus,
360 1480 434 1512 eandem
441 1479 538 1523 plenariam
546 1479 624 1512 omnium
638 1482 752 1522 peccatorum
758 1482 860 1512 vestrorum
866 1477 996 1522 indulgentiam
1004 1481 1022 1511 et

246 1522 373 1564 remissionem,
381 1534 434 1568 quam
441 1524 526 1558 adversus
540 1524 614 1564 Turcas,
622 1527 641 1556 et
648 1534 681 1568 pro
693 1523 815 1567 recuperanda
822 1523 881 1556 Terra
888 1523 954 1557 Sancta
962 1533 1022 1555 conse-

247 1571 326 1610 quuntur
338 1568 431 1609 bellantes,
444 1570 465 1602 de
478 1569 597 1613 omnipotente
613 1568 650 1602 Dei
662 1568 790 1606 misericordia,
801 1572 820 1601 et
833 1568 933 1601 Beatorum
945 1567 995 1600 Petri
1003 1571 1021 1600 et

246 1611 300 1645 Pauli
307 1612 438 1656 Apostolorum
446 1613 484 1656 ejus
498 1614 605 1647 auctoritate
619 1612 687 1653 contisi,
695 1613 790 1647 tribuimus
798 1617 816 1646 et
824 1612 925 1658 elargimur,
932 1612 1020 1656 praesenti-

245 1656 285 1699 bus,
293 1659 351 1701 qnoad
359 1658 403 1692 dicti
411 1658 423 1692 J
425 1669 494 1700 oannes,
503 1663 521 1691 et
528 1658 606 1692 Jacobns
613 1658 680 1691 fratres
692 1657 775 1697 vixerint,
783 1662 801 1691 et
808 1657 874 1691 bellum
882 1661 945 1691 contra
952 1656 1021 1690 haereti-

246 1712 276 1734 cos
284 1702 331 1746 ipsos
339 1703 433 1747 gesserint,
439 1703 535 1736 duraturis.
552 1703 705 1742 Quoniamantem
711 1703 780 1737 difficile
789 1706 834 1736 esset
842 1703 873 1736 has
879 1706 949 1736 nostras
954 1701 1021 1740 literas,

246 1746 270 1779 ad
278 1747 362 1786 omnium,
371 1759 446 1792 qnorum
454 1748 535 1786 interest,
542 1748 625 1781 notitiam
633 1748 725 1792 pervenire
732 1761 737 1788 ;
750 1748 832 1781 volumus
840 1752 860 1780 ut
868 1751 886 1780 et
894 1757 955 1780 earum
963 1757 1021 1780 exem-

245 1791 279 1837 plis
288 1791 341 1825 etiam
354 1792 449 1837 impressis,
457 1803 511 1826 manu
519 1792 591 1826 Notarii
606 1792 674 1837 publici
686 1792 795 1836 subscriptis,
807 1792 899 1837 sigilloque
911 1801 990 1836 personae
1001 1791 1020 1824 in

246 1835 332 1881 dignitate
341 1837 467 1871 Ecclesiastico
475 1838 576 1871 constitutae
584 1837 687 1881 obsignatis,
695 1837 747 1880 plena
761 1841 779 1871 et
787 1841 837 1870 certa
844 1837 887 1870 fides
895 1836 961 1881 ubique
969 1835 1021 1870 habe-

245 1885 293 1923 atur,
309 1892 329 1915 ac
343 1883 357 1915 si
370 1888 464 1927 praesentes
478 1886 536 1916 essent
549 1881 632 1915 exhibitae
646 1886 664 1915 et
678 1886 756 1915 ostense.
786 1882 855 1915 Datum
866 1882 937 1922 Romae,
945 1882 992 1925 apud
1000 1881 1019 1915 S.

245 1926 327 1966 Petrum,
336 1927 368 1960 sub
377 1928 441 1961 annulo
454 1927 558 1966 Piscatoris
567 1927 595 1961 die
605 1929 633 1966 13,
642 1926 693 1966 Maii,
708 1929 759 1960 1850.
783 1926 901 1961 Pontificatus
909 1926 964 1960 nostri
975 1936 1020 1960 anno

246 1975 314 2005 octavo.

269 2030 307 2065 (lues
324 2030 431 2065 Glorierius.
455 2031 503 2065 Visae
519 2042 551 2075 per
567 2030 590 2065 D.
607 2029 715 2064 Generalem
729 2029 748 2064 S,
767 2029 855 2064 Cruciatae
869 2028 1020 2063 commissarium.

243 2076 257 2109 J
257 2086 321 2110 oannes
330 2076 352 2109 de
360 2076 377 2110 la
385 2076 481 2111 Rumbide.
761 2095 763 2099 ν

268 2133 376 2179 Sapradictce
384 2133 436 2166 litera
443 2137 522 2167 retracta>
529 2144 550 2166 ea
557 2133 592 2167 sair
599 2132 712 2178 originalibus
719 2132 736 2165 aa
744 2135 811 2176 cranao
818 2131 977 2176 impressaefaeraat
984 2143 1020 2165 cor-

242 2183 292 2212 recta
303 2184 319 2212 et
326 2179 440 2212 collationato
444 2190 477 2224 per
484 2190 510 2212 rae
518 2178 609 2223 Alfoasam
615 2179 636 2211 de
644 2179 703 2216 Semo,
708 2177 795 2221 publicam
802 2176 903 2221 Apostolica
911 2181 928 2209 et
934 2177 1021 2210 ordinaria

243 2224 353 2263 authoritate,
362 2236 383 2258 ac
391 2223 470 2257 Arelica
482 2223 564 2257 Romana
576 2224 627 2257 carice
641 2223 740 2261 Notarium,
754 2222 772 2255 ia
780 2222 841 2266 oppido
849 2222 925 2255 Madriti
936 2222 1021 2256 Toletano

239 2269 325 2303 Diaceais
334 2270 361 2303 die
369 2269 423 2304 XIV.
436 2269 514 2303 Octobris
520 2269 644 2302 MDLXXX.

271 2328 303 2368 Ad
312 2327 371 2383 liujus
381 2328 466 2383 epistolae
476 2332 584 2381 nostraeque
594 2328 680 2368 historiae
696 2326 822 2375 concordiam,
837 2326 966 2379 ignorandum
980 2342 1020 2368 non

244 2386 278 2432 est,
289 2383 366 2424 eosdem
376 2388 396 2424 et
406 2398 417 2424 a
426 2397 501 2423 summo
511 2383 605 2424 Pontificc
621 2386 635 2405 “
643 2382 656 2423 J
657 2381 739 2423 acobos”
750 2385 769 2421 et
779 2396 790 2422 a
800 2396 830 2422 me
839 2382 933 2423 lbernioae
944 2383 1017 2436 linguae

243 2452 309 2479 vocem
320 2442 412 2493 sequente
424 2438 529 2479 “Jerbas''
540 2440 609 2479 vocari.
640 2475 642 2478 ,

556 2692 614 2733 CAP.
630 2691 711 2732 XVIII.

356 2811 385 2845 De
393 2810 460 2856 Ulligo,
469 2816 487 2845 et
493 2811 575 2845 Jchanne
581 2809 649 2844 Burhis
659 2809 732 2844 Comitis
741 2811 860 2845 Olauricardae
868 2811 914 2845 filiis.

241 2904 274 2944 Er
282 2905 312 2967 bis
322 2919 365 2960 quae
375 2908 467 2950 hactenus
478 2908 568 2957 vidimus,
578 2921 618 2948 non
629 2907 708 2950 obscure
718 2911 815 2965 colligitur
825 2913 897 2966 quantia
912 2912 964 2963 aaa,
975 2913 1017 2954 dili-

242 2961 344 3013 gentique
360 2963 432 3003 fuerint
447 2963 508 3016 Angli
524 2962 639 3004 lbernorum
657 2964 750 3007 excidium
766 2966 834 3016 moliti,
851 2971 870 3007 et
883 2969 955 3022 magnei
964 2973 1018 3022 parte
