2237 3535
125 339 167 366 ona
183 326 222 378 rx.)
304 337 391 366 1111111111
402 339 503 369 11111110
514 338 587 366 tinans
598 337 695 366 carnum.
873 325 899 364 69

124 434 155 475 vel
170 436 295 488 parlamento,
315 434 448 489 suffragiorum
464 436 609 477 abdicabuntur.
638 433 696 473 Unde
716 431 817 473 deducitur
836 433 901 473 omnia

123 490 245 531 Parlamenta
260 490 282 530 in
298 489 375 530 ibernia
395 491 533 533 Britannorum
547 503 616 543 regum
632 488 749 529 authoritate
764 490 836 536 coacta,
847 486 900 527 dein-

124 559 206 599 cepsque
216 545 297 599 pristino
306 559 359 584 more
369 546 486 596 celebranda,
497 559 574 599 prorsus
581 544 640 593 irrita,
646 544 728 592 infirma,
735 542 813 596 injusta,
817 541 901 582 violenta

123 614 177 641 esse:
193 599 253 645 Quod
268 614 325 640 nemo
341 601 398 642 animi
413 602 481 651 sedati,
491 604 511 641 et
520 615 531 641 a
540 598 716 653 perturbationibus
730 597 786 638 liberi
795 597 900 650 negaverit,

123 669 167 694 oum
175 655 208 708 jus
218 655 292 695 terendi
308 654 398 710 suffragii,
412 656 464 710 leges
480 655 582 704 condendi,
593 654 668 695 decreta
683 651 814 707 perscribendi
827 652 852 692 sit
866 651 899 692 ab·

122 709 184 750 latum
199 709 322 763 magnatibus
339 710 433 752 ibernicis
447 710 555 760 veteribusJ
571 713 591 750 et
605 708 667 758 novis,
677 722 737 762 penes
747 721 795 761 quos
805 707 900 761 majorum

123 778 181 813 more,
193 765 280 817 gentium
296 766 381 807 omniurn
396 766 489 820 exemplo,
505 767 548 820 jure
564 768 646 813 naturae,
657 763 738 803 rationis
753 762 900 816 praescriptione

123 833 163 859 esse
174 819 231 860 debet
243 819 410 873 (quemadmodum
419 822 457 862 luit
472 821 538 874 primis
553 818 678 873 temporibus,
690 818 760 871 quibus
775 817 837 871 Angli
845 816 900 858 lber-

122 875 175 914 niam
184 888 281 928 capessere
291 877 396 930 caeperunt)
408 877 509 929 solumque
515 875 626 930 proceribus
634 873 657 915 ab
663 873 735 927 Anglis
744 871 822 926 regibus
832 873 900 913 creatis

125 942 245 979 conoessum,
256 932 289 983 qni
303 931 341 971 illis
358 946 393 973 nec
403 932 523 984 antiquitate,
539 945 575 972 nec
593 930 699 977 dominatu,
718 942 754 969 neo
771 927 846 980 opibus,
864 941 900 968 nec

123 983 196 1024 uiribus
213 986 317 1038 superiores
326 987 411 1027 fuerunt.
439 986 497 1027 Nihil
510 992 550 1027 erat
564 984 678 1026 laudabilior
687 983 722 1024 illa
731 983 851 1032 constitutio,
862 984 901 1036 qut

123 1039 170 1078 citra
179 1053 256 1092 poenam
264 1041 362 1082 homicidii
369 1041 515 1096 permittebatur
521 1041 598 1094 Anglis
613 1045 632 1081 11
638 1039 704 1093 Anglo
712 1038 800 1091 1111111111
813 1038 899 1079 cocidere
908 1050 953 1092 [61]

122 1096 196 1134 veteres
213 1094 299 1145 lbernos,
319 1097 411 1150 (quinque
428 1096 504 1136 familiis
520 1096 613 1148 exceptis)
632 1095 718 1148 quamvis
733 1098 797 1134 essent
806 1094 870 1146 pacati
880 1097 899 1134 11

122 1149 201 1202 Anglici
211 1150 261 1203 regis
271 1150 372 1200 tributarii,
383 1152 400 1191 si
409 1150 493 1203 Anglioa
510 1151 586 1191 civitate
602 1164 642 1190 non
658 1149 726 1189 fuisset
740 1149 807 1188 donati
813 1166 819 1198 ς
835 1162 899 1202 neque

122 1204 173 1244 enim
183 1219 206 1245 eo
216 1206 293 1245 nomine
303 1219 430 1259 aggressores,
439 1206 468 1245 rei
474 1204 580 1252 homicidii,
590 1204 642 1256 quod
651 1204 713 1256 Angli
721 1204 811 1243 feloniam
821 1207 897 1253 vocant,

122 1259 234 1312 agebantur.
264 1260 308 1300 Hae
324 1261 346 1299 in
362 1274 388 1308 re,
406 1260 423 1299 si
437 1258 542 1299 benevolus
558 1258 619 1298 lector
632 1258 690 1297 fidem
704 1262 790 1297 nostram
806 1259 860 1311 sequi
872 1260 898 1298 sit

121 1317 229 1362 cunctatus,
246 1314 301 1354 adeat
318 1315 334 1353 si
343 1314 407 1367 placet
415 1312 494 1362 librum,
505 1327 562 1366 quem
576 1311 644 1352 Fiscus
660 1322 694 1352 ant
708 1316 819 1365 procrnator
829 1312 898 1353 Jacobi

121 1369 171 1421 regis
190 1369 257 1422 Anglo
276 1382 363 1408 sermone
382 1369 511 1421 compositum
530 1369 552 1408 in
570 1367 650 1407 ibernit
665 1367 717 1421 typis
727 1363 825 1407 mandevit
841 1382 897 1417 anno,

121 1422 232 1472 MDOXH,
250 1424 290 1462 hoec
307 1428 326 1463 et
341 1422 378 1463 alia
387 1423 449 1463 multa
459 1423 483 1463 de
493 1422 527 1462 sut
541 1427 600 1476 gente
609 1436 649 1462 non
658 1422 753 1463 inficians.
780 1420 828 1462 Fuit
837 1426 857 1462 et
866 1422 899 1464 illa

120 1478 220 1530 ingeniosa
237 1491 304 1530 regum
320 1477 431 1530 Anglorum
446 1478 521 1527 techna,
539 1492 577 1530 qua
593 1477 674 1517 lhernos
690 1477 761 1531 partim
771 1476 898 1530 decipiebant,

120 1533 190 1584 partim
210 1536 264 1572 metu
282 1532 428 1586 compellebant,
444 1537 468 1572 ut
483 1546 560 1573 suarum
579 1546 643 1573 rerum
662 1531 704 1581 soli,
719 1532 750 1572 vel
762 1531 897 1582 immobilium,

121 1586 229 1627 dominium
238 1587 260 1627 in
268 1587 320 1641 ipsos
337 1589 462 1628 transferrent
476 1602 510 1641 per
520 1587 616 1641 quandam
625 1587 758 1640 imaginariam
767 1587 897 1637 donationem,

122 1656 179 1692 uuam
189 1646 259 1682 vocant
268 1642 328 1696 Angli
346 1647 360 1665 “
367 1643 473 1683 Surrender
482 1642 500 1682 :¹³
515 1642 659 1683 summisionem
664 1641 696 1682 111
705 1642 822 1682 deditionem
831 1657 898 1683 vocem

120 1696 173 1737 illam
190 1703 292 1749 possumus
308 1698 436 1751 interpretari.
465 1697 533 1738 Fiebat
550 1702 615 1738 autem
624 1697 666 1738 haee
675 1697 754 1738 donatio
763 1697 816 1737 hune
825 1698 847 1737 in
855 1711 897 1737 mo-

122 1751 174 1792 dum.
206 1751 268 1792 Verus
284 1752 410 1807 principatus,
420 1753 531 1802 domiuus,
539 1752 649 1801 baronattrs,
659 1751 720 1801 urbis,
731 1751 798 1806 oppidi
807 1752 897 1793 dominus

121 1822 132 1847 a
141 1820 185 1859 rege
194 1811 274 1860 rogatus
284 1811 303 1847 et
311 1808 376 1861 jussus
386 1808 515 1861 possessiones
526 1822 570 1847 snas
579 1807 608 1848 1111
618 1806 708 1857 donabat,
718 1812 815 1860 tamquam
830 1807 898 1849 fiduci-

120 1862 159 1901 ario
169 1865 247 1902 tantum
257 1862 361 1911 donatario,
372 1863 444 1903 seilicet
453 1863 512 1903 tacitt
522 1867 541 1902 et
549 1862 644 1917 implicitis
652 1862 689 1903 1111
700 1862 815 1911 conditione,
820 1866 842 1902 ut
851 1876 896 1903 mon

120 1916 156 1956 sibi
166 1920 201 1956 ant
211 1931 255 1957 cum
264 1918 366 1957 1111111111
382 1922 433 1958 certe
449 1918 491 1958 sine
507 1918 634 1958 diminutione
649 1917 780 1958 redderentur.
808 1917 848 1957 Eas
862 1932 896 1958 ren

120 1985 185 2011 rursus
202 1971 319 2021 restituebat,
337 1972 449 2013 donatorem
474 1986 550 2025 quoque
567 1972 649 2021 comitis,
666 1973 789 2021 vicecomitis,
807 1976 841 2012 aut
858 1973 894 2013 alio

120 2026 177 2065 titulo
187 2026 320 2076 cohonestaris,
330 2031 364 2067 aut
374 2027 429 2068 aliter
437 2027 466 2067 illi
475 2028 545 2079 gratias
555 2028 645 2076 referens,
656 2031 689 2067 aut
699 2027 766 2067 saltem
776 2041 846 2080 agens:
857 2042 894 2068 cce-

120 2086 183 2121 terum
193 2082 300 2122 contractui
308 2082 361 2123 trans
370 2083 432 2123 inesse
438 2082 519 2131 ridetur,
527 2082 573 2135 quia
578 2081 675 2122 fiduciaria
682 2082 785 2122 donatione
793 2081 894 2132 celebratb,

119 2150 174 2188 reges
184 2135 221 2176 sibi
230 2151 340 2190 persuasum
351 2137 454 2186 habebant,
470 2138 501 2191 jus
511 2150 567 2177 omne
577 2152 588 2177 a
598 2137 690 2177 donatore
699 2138 720 2177 in
730 2151 750 2177 se
759 2137 859 2177 transferri
876 2142 896 2177 et

119 2191 140 2230 in
149 2191 271 2232 restitutione
281 2192 374 2233 directum
384 2192 491 2233 dominium
500 2191 551 2245 apud
561 2206 580 2232 se
590 2205 672 2241 manere,
683 2197 703 2232 et
713 2192 801 2233 donatori
817 2195 895 2233 tantum

119 2245 173 2286 reddi
182 2246 231 2286 utile
241 2246 353 2298 dominium,
359 2248 390 2288 vel
399 2245 562 2288 1111111111111111111.1

448 2454 504 2495 OAP.
521 2454 560 2494 m.

118 2539 131 2573 J
133 2540 210 2573 ohannes
222 2540 305 2575 Pontifex
319 2543 410 2576 Maximus
424 2541 446 2574 ad
459 2539 526 2617 Anglliae
540 2550 602 2584 regem
617 2540 638 2573 de
651 2538 726 2573 Iberniae
740 2537 893 2575 administratione

461 2587 495 2619 scri
507 2584 526 2617 it.

119 2658 149 2698 On
159 2659 195 2698 has
204 2662 224 2698 et
233 2658 278 2699 alias
292 2659 372 2712 injurias
387 2661 420 2701 vin
432 2672 517 2713 unquam
533 2672 588 2712 reges
598 2657 663 2711 Angli,
675 2657 759 2709 quietam
769 2660 789 2698 et
798 2661 891 2712 tranquil-

118 2714 155 2754 lam
165 2713 263 2755 lberniam
273 2712 405 2765 obtinuerunt,
421 2715 488 2756 multis
502 2712 679 2768 perturbationibus
689 2717 747 2765 atque
755 2712 892 2756 rebellionibus

141 2807 148 2822 *⁴
162 2806 202 2839 The
209 2805 325 2850 inquisitione,
333 2808 464 2851 conspositions,
472 2807 505 2850 and
515 2810 577 2851 granta
586 2806 607 2839 of
612 2804 689 2849 English
697 2809 759 2838 tenure
767 2807 802 2840 and
811 2808 864 2847 tides,
873 2814 891 2843 1ο

118 2850 147 2883 the
155 2850 238 2884 Milesian
246 2851 300 2892 Irish‚
309 2855 422 2887 commenced
430 2854 486 2888 under
495 2851 556 2896 Henrp
566 2851 622 2885 VIII.
625 2876 630 2892 ,
639 2850 673 2884 and
681 2850 751 2884 carried
763 2854 891 2887 (1111111111-

117 2894 151 2939 ally
159 2897 216 2930 under
224 2896 276 2942 Many
284 2897 319 2931 and
327 2897 428 2933 Erizaberh.
