2237 3535
59 981 166 1030 DOMINI
192 978 323 1027 PHILIPPI
350 971 548 1033 o’sruurvlru,
572 971 688 1021 ‘aarum
718 970 822 1020 lurum

168 1084 206 1126 AD
224 1077 405 1124 carnotinum
418 1076 566 1118 LECTOREM
578 1075 719 1118 EPISTULA.
790 1116 792 1122 ,

61 1338 69 1388 ΙΙ
77 1336 168 1377 Tarrarsr
180 1330 310 1386 superioribus
320 1329 396 1379 seculis,
406 1333 427 1369 et
435 1328 471 1369 hac
480 1328 539 1369 etiam
548 1331 669 1382 tempestate,
679 1329 778 1380 Catholice
791 1331 829 1372 lec·
837 1341 872 1383 [1,]

56 1396 93 1440 tor,
104 1389 169 1429 multae
178 1389 272 1440 variaeque
285 1400 316 1426 res
331 1384 387 1438 regni
394 1383 476 1425 Iberniae
485 1383 564 1424 fuerunt
578 1387 685 1424 memoratu
694 1385 779 1426 etlaude
789 1386 830 1440 dig.

57 1444 145 1492 nissimae,
164 1443 202 1483 illae
220 1440 323 1481 tameuvel
338 1455 349 1480 a
362 1438 417 1480 nullo
437 1439 533 1479 memoriae
547 1438 633 1492 prodita,
644 1439 726 1493 caligine
741 1440 831 1482 altissima

58 1512 124 1539 mersae
132 1498 153 1537 in
177 1495 262 1536 tenebris
272 1494 392 1543 delitescunt,
407 1493 438 1534 rel
450 1493 545 1534 Ibermcis
561 1496 637 1534 tantum
653 1493 723 1535 litteris
736 1496 831 1537 mandatae

56 1555 107 1593 intra
124 1551 239 1591 domesticos
252 1549 335 1603 parietes
351 1549 480 1598 continentur,
492 1563 503 1589 a
519 1549 596 1589 nemine
606 1548 652 1589 satis
662 1548 733 1590 hauno
744 1565 831 1592 sermone

56 1606 162 1648 celebrate
189 1606 222 1646 Ita
228 1606 262 1658 qui
267 1609 376 1658 temporum
382 1607 493 1644 nostrorum
501 1603 646 1644 Ecclesiasticus
655 1604 746 1645 historias
753 1610 832 1647 couter-

56 1665 132 1710 uerunt,
159 1663 192 1700 aut
219 1674 262 1700 eam
286 1659 370 1700 insulam
392 1658 471 1699 omnino
496 1658 551 1699 taciti
575 1659 724 1712 praeteriverunt
748 1664 782 1701 aut
807 1661 831 1702 de

56 1731 79 1757 ea
103 1729 160 1769 quem
187 1715 302 1768 paucissima
321 1719 341 1755 et
363 1714 460 1755 levissima
477 1713 619 1754 tradiderunt:
644 1728 689 1755 cum
705 1719 771 1756 tamen
794 1730 828 1770 pro

56 1771 163 1811 Christiana
177 1771 249 1823 pietate
261 1769 333 1810 tuenda
348 1769 463 1824 pertulerint
476 1768 551 1809 labores
570 1768 692 1821 gravissimos
710 1775 729 1810 et
742 1771 829 1812 omnium

56 1826 145 1879 opinione
158 1825 246 1878 majores.
276 1824 325 1865 Inde
340 1824 418 1878 quidem
433 1824 507 1864 externi
521 1824 623 1877 scriptores
637 1825 705 1865 merito
722 1829 829 1878 queruntur

55 1880 130 1920 nullum
149 1883 212 1920 extare
227 1879 338 1920 Ibernicum
354 1879 474 1928 historicum,
495 1879 528 1931 qui
540 1879 607 1932 patriae
623 1893 663 1919 suae
681 1894 712 1920 res
731 1881 752 1921 in
765 1881 829 1922 lucem

55 1935 132 1975 emissas
142 1935 211 1975 exteris
218 1933 309 1988 gentibus
319 1933 491 1987 cognoscendascb
502 1934 682 1987 oculosproponat:
696 1934 717 1975 id
724 1949 762 1988 que
767 1937 829 1989 magis

55 1989 173 2030 mirandum
182 1993 216 2039 est,
235 1989 287 2042 quod
296 1990 354 2030 etiam
363 1988 421 2029 hodie
430 1989 487 2029 multi
497 1988 564 2029 Iberui
571 1989 626 2029 'sacri
643 1993 662 2029 et
677 1990 776 2031 saeculares
791 1992 828 2032 riri

54 2044 132 2097 ingenio
150 2044 264 2085 excellentes
282 2043 304 2084 in
320 2043 429 2098 theologiae
450 2043 583 2097 philosophiae,
598 2043 647 2096 juris
672 2045 783 2098 utriusque,
807 2050 827 2087 et

54 2103 168 2140 craterarum
174 2100 296 2140 scientiarum
304 2099 368 2141 studio
373 2099 460 2139 floreant.
488 2097 564 2139 Verum
571 2099 592 2138 ni
600 2112 635 2151 ego
645 2100 755 2152 conjectura
764 2100 826 2150 fallor,

54 2154 83 2194 vis
92 2156 190 2207 praesentis
197 2155 322 2208 tempestatis,
330 2158 349 2195 et
356 2166 461 2195 concursus
467 2152 580 2206 multiplicis
587 2153 699 2194 calamitatis
708 2154 746 2194 hoc
756 2160 827 2197 conatu

53 2213 128 2249 nostros
146 2210 234 2250 homines
251 2209 346 2263 prohibet.
375 2206 476 2249 Fluctibus
486 2208 538 2248 enim
548 2210 588 2248 tam
597 2208 773 2260 turbulentissimis,
783 2214 826 2251 tan-

53 2266 110 2317 taque
128 2278 192 2305 rerum
211 2264 299 2304 omnium
307 2263 453 2318 perturbatione
466 2277 533 2303 sumus
543 2262 630 2303 convulsi
644 2267 663 2304 et
672 2264 788 2315 labefactari,
803 2270 826 2307 ut

54 2318 148 2359 scribendi
161 2319 223 2360 otium
242 2333 363 2373 nequaquam
380 2321 476 2373 suppetat.
498 2317 559 2359 Unde
568 2317 597 2358 de
616 2318 671 2359 nobis
686 2320 748 2373 repeti
760 2324 826 2374 potest

53 2387 128 2414 carmen
137 2374 191 2423 illud,
200 2374 253 2427 quod
262 2374 337 2416 Ovidus
346 2375 370 2416 de
380 2388 401 2415 se
409 2374 468 2414 cauit.

144 2465 156 2485 “
163 2462 206 2503 Des,
213 2463 261 2500 licet,
269 2469 290 2497 ut
297 2463 356 2497 valido
363 2466 426 2506 pectus
438 2461 482 2495 mihi
488 2462 554 2495 robore
561 2461 626 2495 fultum

188 2508 245 2541 Fama
253 2508 309 2541 refert
317 2508 372 2552 Anyti
380 2506 431 2551 quale
439 2506 493 2540 fuisse
500 2507 528 2540 rei

165 2553 233 2586 Fracta
241 2553 293 2587 cadet
299 2558 353 2586 tautae
361 2551 447 2596 sapientia
455 2551 501 2585 mole
509 2551 565 2585 ruina
574 2565 578 2583 ι

189 2598 233 2631 Plus
241 2598 289 2631 valet
295 2598 374 2631 humanis
379 2596 446 2630 viribus
452 2596 479 2629 ira
484 2596 525 2630 Dei.

165 2641 200 2676 Ille
208 2654 261 2676 senex
270 2643 327 2676 dictus
336 2642 403 2687 sapiens
411 2642 433 2675 ab
441 2641 522 2685 Apolline
530 2640 598 2674 nullum

188 2687 272 2721 Scribere
279 2688 298 2721 iu
304 2688 339 2722 hoc
346 2699 389 2722 casu
396 2687 499 2720 sustinusset
505 2686 566 2730 opus.'¹

79 2768 159 2809 Accedit
169 2769 232 2819 etiam,
242 2773 266 2809 ut
275 2783 352 2811 necesse
361 2770 392 2819 sit,
403 2771 436 2810 aut
445 2767 494 2808 foerle
503 2767 587 2816 mentiri,
595 2768 647 2819 quod
657 2773 687 2810 est
695 2775 762 2813 coutra
770 2774 823 2828 leges

53 2820 142 2873 historia,
160 2827 195 2865 aut,
212 2838 244 2864 eos
257 2824 332 2874 laedere,
342 2839 401 2879 penes
414 2837 462 2877 quos
476 2822 536 2871 estin
545 2821 700 2872 Ibernia,rerum
713 2827 821 2880 imperium,

0 2920 1 2925 ¹
52 2876 133 2930 vitaeque
140 2883 159 2919 et
172 2879 225 2919 necis
234 2883 326 2933 potestas.
354 2880 439 2920 Tantum
448 2891 492 2917 vero
502 2877 610 2930 periculum
617 2884 688 2930 quotus
698 2882 779 2936 quisque
786 2888 821 2934 est,

0 2935 1 2987 J
52 2932 85 2984 qui
93 2932 156 2974 subire
163 2934 234 2974 vellet?
264 2933 340 2977 Quibus
349 2935 431 2975 efficitur
444 2935 467 2972 ut
475 2932 537 2972 nostri
550 2932 672 2980 invictissimi
681 2940 778 2990 martyres,
788 2941 822 2993 qui

0 2997 1 3019 Ξ
51 2987 165 3029 curciatibus
181 2988 293 3042 ingentibus
311 2990 373 3030 affecti
392 3003 427 3043 pro
445 2987 488 3041 lege
504 2986 577 3029 Christi
593 2987 727 3045 Redemptoris
749 2995 821 3035 animas
