<?xml version="1.0" encoding="UTF-8"?>
<!DOCTYPE html PUBLIC "-//W3C//DTD XHTML 1.0 Transitional//EN"
    "http://www.w3.org/TR/xhtml1/DTD/xhtml1-transitional.dtd">
<html xmlns="http://www.w3.org/1999/xhtml" xml:lang="en" lang="en">
 <head>
  <title>
</title>
<meta http-equiv="Content-Type" content="text/html;charset=utf-8" />
  <meta name='ocr-system' content='tesseract 3.04.00' />
  <meta name='ocr-capabilities' content='ocr_page ocr_carea ocr_par ocr_line ocrx_word'/>
</head>
<body>
  <div class='ocr_page' id='page_1' title='image "MN42000ucmf_1_0214.png"; bbox 0 0 2237 3535; ppageno 0'>
   <div class='ocr_carea' id='block_1_1' title="bbox 270 412 1042 465">
    <p class='ocr_par' dir='ltr' id='par_1_1' title="bbox 270 412 1042 465">
     <span class='ocr_line' id='line_1_1' title="bbox 270 412 1042 465; baseline 0.003 -14"><span class='ocrx_word' id='word_1_1' title='bbox 270 413 309 452; x_wconf 84' lang='grc'>166</span> <span class='ocrx_word' id='word_1_2' title='bbox 411 414 545 455; x_wconf 73' lang='lat' dir='ltr'>o&#39;sunnaranr</span> <span class='ocrx_word' id='word_1_3' title='bbox 555 424 658 452; x_wconf 79' lang='lat' dir='ltr'>ursronnn</span> <span class='ocrx_word' id='word_1_4' title='bbox 669 426 793 463; x_wconf 60' lang='lat' dir='ltr'>cnrnomcrn,</span> <span class='ocrx_word' id='word_1_5' title='bbox 808 426 849 454; x_wconf 85' lang='lat' dir='ltr'>rou</span> <span class='ocrx_word' id='word_1_6' title='bbox 864 426 897 453; x_wconf 85' lang='lat' dir='ltr'>ur.</span> <span class='ocrx_word' id='word_1_7' title='bbox 957 412 1007 465; x_wconf 81' lang='lat' dir='ltr'>[nra.</span> <span class='ocrx_word' id='word_1_8' title='bbox 1018 426 1042 453; x_wconf 85' lang='lat'>11.</span> 
     </span>
    </p>
   </div>
   <div class='ocr_carea' id='block_1_2' title="bbox 201 521 1043 2829">
    <p class='ocr_par' dir='ltr' id='par_1_2' title="bbox 201 521 1043 2829">
     <span class='ocr_line' id='line_1_2' title="bbox 269 521 1043 576; baseline 0.001 -15"><span class='ocrx_word' id='word_1_9' title='bbox 269 521 355 563; x_wconf 88' lang='lat' dir='ltr'>subsidio</span> <span class='ocrx_word' id='word_1_10' title='bbox 365 523 440 562; x_wconf 82' lang='lat' dir='ltr'>venire:</span> <span class='ocrx_word' id='word_1_11' title='bbox 454 521 476 561; x_wconf 86' lang='lat' dir='ltr'>id</span> <span class='ocrx_word' id='word_1_12' title='bbox 485 535 505 561; x_wconf 90' lang='lat' dir='ltr'>se</span> <span class='ocrx_word' id='word_1_13' title='bbox 522 533 582 574; x_wconf 89' lang='lat' dir='ltr'>usque</span> <span class='ocrx_word' id='word_1_14' title='bbox 599 521 624 562; x_wconf 91' lang='lat' dir='ltr'>ad</span> <span class='ocrx_word' id='word_1_15' title='bbox 640 522 791 562; x_wconf 70' lang='lat' dir='ltr'>internecionem</span> <span class='ocrx_word' id='word_1_16' title='bbox 800 523 955 575; x_wconf 86' lang='lat' dir='ltr'>prohibiturum:</span> <span class='ocrx_word' id='word_1_17' title='bbox 971 526 1043 576; x_wconf 88' lang='lat' dir='ltr'>quante</span> 
     </span>
     <span class='ocr_line' id='line_1_3' title="bbox 269 576 1043 631; baseline 0.001 -15"><span class='ocrx_word' id='word_1_18' title='bbox 269 576 290 616; x_wconf 91' lang='lat' dir='ltr'>in</span> <span class='ocrx_word' id='word_1_19' title='bbox 300 577 384 631; x_wconf 86' lang='lat' dir='ltr'>periculo</span> <span class='ocrx_word' id='word_1_20' title='bbox 394 590 424 616; x_wconf 87' lang='lat' dir='ltr'>res</span> <span class='ocrx_word' id='word_1_21' title='bbox 434 576 459 615; x_wconf 92' lang='lat' dir='ltr'>sit</span> <span class='ocrx_word' id='word_1_22' title='bbox 476 576 518 625; x_wconf 90' lang='lat' dir='ltr'>sita,</span> <span class='ocrx_word' id='word_1_23' title='bbox 528 576 653 617; x_wconf 78' lang='lat' dir='ltr'>manifestum</span> <span class='ocrx_word' id='word_1_24' title='bbox 670 590 715 625; x_wconf 90' lang='lat' dir='ltr'>esse,</span> <span class='ocrx_word' id='word_1_25' title='bbox 727 578 744 617; x_wconf 73' lang='lat' dir='ltr'>d</span> <span class='ocrx_word' id='word_1_26' title='bbox 753 577 781 617; x_wconf 89' lang='lat' dir='ltr'>ita</span> <span class='ocrx_word' id='word_1_27' title='bbox 790 577 883 618; x_wconf 72' lang='lat' dir='ltr'>Tirenum</span> <span class='ocrx_word' id='word_1_28' title='bbox 892 579 905 619; x_wconf 72' lang='lat' dir='ltr'>d</span> <span class='ocrx_word' id='word_1_29' title='bbox 914 593 934 619; x_wconf 90' lang='lat' dir='ltr'>se</span> <span class='ocrx_word' id='word_1_30' title='bbox 943 592 977 631; x_wconf 84' lang='lat' dir='ltr'>pro</span> <span class='ocrx_word' id='word_1_31' title='bbox 987 578 1043 618; x_wconf 87' lang='lat' dir='ltr'>hoste</span> 
     </span>
     <span class='ocr_line' id='line_1_4' title="bbox 269 630 1042 685; baseline 0.001 -13"><span class='ocrx_word' id='word_1_32' title='bbox 269 631 378 672; x_wconf 88' lang='lat' dir='ltr'>habendum</span> <span class='ocrx_word' id='word_1_33' title='bbox 388 631 426 671; x_wconf 90' lang='lat' dir='ltr'>nisi</span> <span class='ocrx_word' id='word_1_34' title='bbox 434 630 472 685; x_wconf 90' lang='lat' dir='ltr'>ipsi</span> <span class='ocrx_word' id='word_1_35' title='bbox 481 631 502 671; x_wconf 89' lang='lat' dir='ltr'>in</span> <span class='ocrx_word' id='word_1_36' title='bbox 511 635 566 672; x_wconf 90' lang='lat' dir='ltr'>tanto</span> <span class='ocrx_word' id='word_1_37' title='bbox 576 631 687 672; x_wconf 80' lang='lat' dir='ltr'>discrimine</span> <span class='ocrx_word' id='word_1_38' title='bbox 695 631 759 685; x_wconf 88' lang='lat' dir='ltr'>posito</span> <span class='ocrx_word' id='word_1_39' title='bbox 773 632 822 671; x_wconf 81' lang='lat' dir='ltr'>ferat</span> <span class='ocrx_word' id='word_1_40' title='bbox 832 634 932 674; x_wconf 82' lang='lat' dir='ltr'>auxilium.</span> <span class='ocrx_word' id='word_1_41' title='bbox 962 632 1006 677; x_wconf 71' lang='lat' dir='ltr'>Qud</span> <span class='ocrx_word' id='word_1_42' title='bbox 1015 632 1042 673; x_wconf 89' lang='lat' dir='ltr'>le-</span> 
     </span>
     <span class='ocr_line' id='line_1_5' title="bbox 269 685 1042 739; baseline 0.001 -13"><span class='ocrx_word' id='word_1_43' title='bbox 269 687 345 739; x_wconf 86' lang='lat' dir='ltr'>gatione</span> <span class='ocrx_word' id='word_1_44' title='bbox 354 685 421 726; x_wconf 78' lang='lat' dir='ltr'>auditt</span> <span class='ocrx_word' id='word_1_45' title='bbox 431 685 510 726; x_wconf 85' lang='lat' dir='ltr'>diversis</span> <span class='ocrx_word' id='word_1_46' title='bbox 525 687 575 727; x_wconf 88' lang='lat' dir='ltr'>curis</span> <span class='ocrx_word' id='word_1_47' title='bbox 590 687 659 727; x_wconf 80' lang='lat' dir='ltr'>anxius</span> <span class='ocrx_word' id='word_1_48' title='bbox 673 686 756 727; x_wconf 77' lang='lat' dir='ltr'>Tirenus</span> <span class='ocrx_word' id='word_1_49' title='bbox 766 686 913 737; x_wconf 85' lang='lat' dir='ltr'>distrahebatur,</span> <span class='ocrx_word' id='word_1_50' title='bbox 924 702 968 729; x_wconf 86' lang='lat' dir='ltr'>cum</span> <span class='ocrx_word' id='word_1_51' title='bbox 977 688 1042 728; x_wconf 88' lang='lat' dir='ltr'>animo</span> 
     </span>
     <span class='ocr_line' id='line_1_6' title="bbox 201 740 1040 796; baseline 0.002 -16"><span class='ocrx_word' id='word_1_52' title='bbox 201 748 258 791; x_wconf 71' lang='lat' dir='ltr'>[tta]</span> <span class='ocrx_word' id='word_1_53' title='bbox 267 755 301 780; x_wconf 90' lang='lat' dir='ltr'>suo</span> <span class='ocrx_word' id='word_1_54' title='bbox 310 745 404 794; x_wconf 86' lang='lat' dir='ltr'>reputans</span> <span class='ocrx_word' id='word_1_55' title='bbox 413 740 556 793; x_wconf 73' lang='lat' dir='ltr'>O’Donellurntt</span> <span class='ocrx_word' id='word_1_56' title='bbox 573 742 648 782; x_wconf 72' lang='lat' dir='ltr'>incerta</span> <span class='ocrx_word' id='word_1_57' title='bbox 663 756 696 795; x_wconf 86' lang='lat' dir='ltr'>spe</span> <span class='ocrx_word' id='word_1_58' title='bbox 710 741 794 795; x_wconf 84' lang='lat' dir='ltr'>Hispani</span> <span class='ocrx_word' id='word_1_59' title='bbox 811 742 877 782; x_wconf 78' lang='lat' dir='ltr'>auxilii</span> <span class='ocrx_word' id='word_1_60' title='bbox 887 757 952 796; x_wconf 83' lang='lat' dir='ltr'>gerere</span> <span class='ocrx_word' id='word_1_61' title='bbox 961 743 1040 792; x_wconf 90' lang='lat' dir='ltr'>bellum,</span> 
     </span>
     <span class='ocr_line' id='line_1_7' title="bbox 265 796 1041 849; baseline 0.003 -14"><span class='ocrx_word' id='word_1_62' title='bbox 265 799 367 849; x_wconf 78' lang='lat' dir='ltr'>antequam</span> <span class='ocrx_word' id='word_1_63' title='bbox 385 796 473 849; x_wconf 85' lang='lat' dir='ltr'>Hispana</span> <span class='ocrx_word' id='word_1_64' title='bbox 487 796 543 849; x_wconf 89' lang='lat' dir='ltr'>sigua</span> <span class='ocrx_word' id='word_1_65' title='bbox 552 796 572 836; x_wconf 85' lang='lat' dir='ltr'>in</span> <span class='ocrx_word' id='word_1_66' title='bbox 582 796 662 837; x_wconf 75' lang='lat' dir='ltr'>ibernit</span> <span class='ocrx_word' id='word_1_67' title='bbox 676 796 739 837; x_wconf 84' lang='lat' dir='ltr'>uideat</span> <span class='ocrx_word' id='word_1_68' title='bbox 749 810 771 836; x_wconf 88' lang='lat' dir='ltr'>ao</span> <span class='ocrx_word' id='word_1_69' title='bbox 780 797 808 837; x_wconf 88' lang='lat' dir='ltr'>ita</span> <span class='ocrx_word' id='word_1_70' title='bbox 817 810 857 836; x_wconf 89' lang='lat' dir='ltr'>rem</span> <span class='ocrx_word' id='word_1_71' title='bbox 867 797 1009 839; x_wconf 85' lang='lat' dir='ltr'>Catholicorum</span> <span class='ocrx_word' id='word_1_72' title='bbox 1018 798 1041 838; x_wconf 89' lang='lat' dir='ltr'>in</span> 
     </span>
     <span class='ocr_line' id='line_1_8' title="bbox 264 851 1040 905; baseline 0.003 -15"><span class='ocrx_word' id='word_1_73' title='bbox 264 865 338 892; x_wconf 87' lang='lat' dir='ltr'>summo</span> <span class='ocrx_word' id='word_1_74' title='bbox 349 852 458 892; x_wconf 82' lang='lat' dir='ltr'>discrimine</span> <span class='ocrx_word' id='word_1_75' title='bbox 468 865 508 891; x_wconf 89' lang='lat' dir='ltr'>esse</span> <span class='ocrx_word' id='word_1_76' title='bbox 524 851 586 900; x_wconf 91' lang='lat' dir='ltr'>sitam,</span> <span class='ocrx_word' id='word_1_77' title='bbox 597 851 656 892; x_wconf 89' lang='lat' dir='ltr'>etiam</span> <span class='ocrx_word' id='word_1_78' title='bbox 665 852 682 891; x_wconf 90' lang='lat' dir='ltr'>si</span> <span class='ocrx_word' id='word_1_79' title='bbox 690 852 732 905; x_wconf 88' lang='lat' dir='ltr'>ipse</span> <span class='ocrx_word' id='word_1_80' title='bbox 745 851 795 892; x_wconf 77' lang='lat' dir='ltr'>ierat</span> <span class='ocrx_word' id='word_1_81' title='bbox 804 865 861 904; x_wconf 88' lang='lat' dir='ltr'>opem</span> <span class='ocrx_word' id='word_1_82' title='bbox 867 869 873 902; x_wconf 70' lang='lat'>5</span> <span class='ocrx_word' id='word_1_83' title='bbox 889 854 919 892; x_wconf 89' lang='lat' dir='ltr'>sin</span> <span class='ocrx_word' id='word_1_84' title='bbox 929 854 994 893; x_wconf 87' lang='lat' dir='ltr'>minus</span> <span class='ocrx_word' id='word_1_85' title='bbox 1003 853 1040 894; x_wconf 90' lang='lat' dir='ltr'>Ca-</span> 
     </span>
     <span class='ocr_line' id='line_1_9' title="bbox 262 905 1039 960; baseline 0.005 -16"><span class='ocrx_word' id='word_1_86' title='bbox 262 905 339 947; x_wconf 87' lang='lat' dir='ltr'>tholicis</span> <span class='ocrx_word' id='word_1_87' title='bbox 348 906 459 960; x_wconf 72' lang='lat' dir='ltr'>opituletur,</span> <span class='ocrx_word' id='word_1_88' title='bbox 470 905 626 947; x_wconf 86' lang='lat' dir='ltr'>Protestantibus</span> <span class='ocrx_word' id='word_1_89' title='bbox 635 909 701 947; x_wconf 88' lang='lat' dir='ltr'>tamen</span> <span class='ocrx_word' id='word_1_90' title='bbox 709 921 730 947; x_wconf 88' lang='lat' dir='ltr'>se</span> <span class='ocrx_word' id='word_1_91' title='bbox 739 921 781 947; x_wconf 88' lang='lat' dir='ltr'>esse</span> <span class='ocrx_word' id='word_1_92' title='bbox 795 907 909 960; x_wconf 75' lang='lat' dir='ltr'>suspectam,</span> <span class='ocrx_word' id='word_1_93' title='bbox 921 908 938 947; x_wconf 70' lang='lat' dir='ltr'>da</span> <span class='ocrx_word' id='word_1_94' title='bbox 947 908 974 947; x_wconf 88' lang='lat' dir='ltr'>ite</span> <span class='ocrx_word' id='word_1_95' title='bbox 983 908 1039 948; x_wconf 84' lang='lat' dir='ltr'>utris-</span> 
     </span>
     <span class='ocr_line' id='line_1_10' title="bbox 263 960 1040 1016; baseline 0.003 -16"><span class='ocrx_word' id='word_1_96' title='bbox 263 974 300 1012; x_wconf 91' lang='lat' dir='ltr'>que</span> <span class='ocrx_word' id='word_1_97' title='bbox 308 961 350 1001; x_wconf 85' lang='lat' dir='ltr'>fore</span> <span class='ocrx_word' id='word_1_98' title='bbox 360 962 435 1007; x_wconf 85' lang='lat' dir='ltr'>hostem</span> <span class='ocrx_word' id='word_1_99' title='bbox 443 960 558 1015; x_wconf 84' lang='lat' dir='ltr'>judicatum.</span> <span class='ocrx_word' id='word_1_100' title='bbox 571 961 695 1002; x_wconf 67' lang='lat' dir='ltr'>Adventante</span> <span class='ocrx_word' id='word_1_101' title='bbox 704 961 750 1002; x_wconf 82' lang='lat' dir='ltr'>verb</span> <span class='ocrx_word' id='word_1_102' title='bbox 760 962 831 1016; x_wconf 84' lang='lat' dir='ltr'>reginae</span> <span class='ocrx_word' id='word_1_103' title='bbox 838 962 923 1003; x_wconf 80' lang='lat' dir='ltr'>exercitu</span> <span class='ocrx_word' id='word_1_104' title='bbox 932 962 1040 1003; x_wconf 74' lang='lat' dir='ltr'>Cormalrus</span> 
     </span>
     <span class='ocr_line' id='line_1_11' title="bbox 263 1015 1038 1071; baseline 0.003 -16"><span class='ocrx_word' id='word_1_105' title='bbox 263 1015 358 1056; x_wconf 89' lang='lat' dir='ltr'>O&#39;Nellus</span> <span class='ocrx_word' id='word_1_106' title='bbox 367 1017 434 1057; x_wconf 73' lang='lat' dir='ltr'>lirani</span> <span class='ocrx_word' id='word_1_107' title='bbox 449 1016 508 1056; x_wconf 79' lang='lat' dir='ltr'>frater</span> <span class='ocrx_word' id='word_1_108' title='bbox 525 1030 567 1057; x_wconf 88' lang='lat' dir='ltr'>cum</span> <span class='ocrx_word' id='word_1_109' title='bbox 579 1016 678 1071; x_wconf 83' lang='lat' dir='ltr'>equitibus</span> <span class='ocrx_word' id='word_1_110' title='bbox 693 1021 808 1066; x_wconf 70' lang='lat' dir='ltr'>caucanet</span> <span class='ocrx_word' id='word_1_111' title='bbox 824 1016 962 1057; x_wconf 86' lang='lat' dir='ltr'>bombardariis</span> <span class='ocrx_word' id='word_1_112' title='bbox 975 1017 1038 1058; x_wconf 86' lang='lat' dir='ltr'>reliti-</span> 
     </span>
     <span class='ocr_line' id='line_1_12' title="bbox 262 1070 1038 1120; baseline 0.003 -10"><span class='ocrx_word' id='word_1_113' title='bbox 262 1070 298 1110; x_wconf 86' lang='lat' dir='ltr'>bus</span> <span class='ocrx_word' id='word_1_114' title='bbox 308 1071 399 1112; x_wconf 80' lang='lat' dir='ltr'>trecentis</span> <span class='ocrx_word' id='word_1_115' title='bbox 408 1071 433 1111; x_wconf 90' lang='lat' dir='ltr'>ad</span> <span class='ocrx_word' id='word_1_116' title='bbox 443 1071 573 1111; x_wconf 88' lang='lat' dir='ltr'>O’Donellum</span> <span class='ocrx_word' id='word_1_117' title='bbox 582 1072 604 1112; x_wconf 91' lang='lat' dir='ltr'>in</span> <span class='ocrx_word' id='word_1_118' title='bbox 614 1076 675 1112; x_wconf 86' lang='lat' dir='ltr'>castra</span> <span class='ocrx_word' id='word_1_119' title='bbox 683 1076 743 1120; x_wconf 77' lang='lat' dir='ltr'>uenit,</span> <span class='ocrx_word' id='word_1_120' title='bbox 754 1072 849 1112; x_wconf 85' lang='lat' dir='ltr'>missusne</span> <span class='ocrx_word' id='word_1_121' title='bbox 858 1072 870 1112; x_wconf 80' lang='lat' dir='ltr'>d</span> <span class='ocrx_word' id='word_1_122' title='bbox 879 1072 957 1120; x_wconf 80' lang='lat' dir='ltr'>Tirone,</span> <span class='ocrx_word' id='word_1_123' title='bbox 967 1086 992 1112; x_wconf 90' lang='lat' dir='ltr'>an</span> <span class='ocrx_word' id='word_1_124' title='bbox 1002 1086 1038 1112; x_wconf 88' lang='lat' dir='ltr'>suo</span> 
     </span>
     <span class='ocr_line' id='line_1_13' title="bbox 262 1125 1037 1175; baseline 0.001 -10"><span class='ocrx_word' id='word_1_125' title='bbox 262 1125 328 1175; x_wconf 87' lang='lat' dir='ltr'>ductu,</span> <span class='ocrx_word' id='word_1_126' title='bbox 339 1125 418 1166; x_wconf 73' lang='lat' dir='ltr'>minime</span> <span class='ocrx_word' id='word_1_127' title='bbox 428 1127 474 1167; x_wconf 88' lang='lat' dir='ltr'>satis</span> <span class='ocrx_word' id='word_1_128' title='bbox 484 1126 573 1166; x_wconf 91' lang='lat' dir='ltr'>omnibus</span> <span class='ocrx_word' id='word_1_129' title='bbox 582 1126 689 1167; x_wconf 73' lang='lat' dir='ltr'>constabat.</span> <span class='ocrx_word' id='word_1_130' title='bbox 717 1127 763 1167; x_wconf 86' lang='lat' dir='ltr'>Mac</span> <span class='ocrx_word' id='word_1_131' title='bbox 773 1126 839 1175; x_wconf 80' lang='lat' dir='ltr'>Guicr,</span> <span class='ocrx_word' id='word_1_132' title='bbox 851 1128 867 1167; x_wconf 74' lang='lat' dir='ltr'>h</span> <span class='ocrx_word' id='word_1_133' title='bbox 877 1127 983 1167; x_wconf 73' lang='lat' dir='ltr'>Cormalrus</span> <span class='ocrx_word' id='word_1_134' title='bbox 993 1141 1037 1167; x_wconf 89' lang='lat' dir='ltr'>cum</span> 
     </span>
     <span class='ocr_line' id='line_1_14' title="bbox 261 1180 1036 1234; baseline 0.001 -14"><span class='ocrx_word' id='word_1_135' title='bbox 261 1180 359 1234; x_wconf 85' lang='lat' dir='ltr'>peditibus</span> <span class='ocrx_word' id='word_1_136' title='bbox 369 1181 422 1222; x_wconf 89' lang='lat' dir='ltr'>mille</span> <span class='ocrx_word' id='word_1_137' title='bbox 432 1196 455 1222; x_wconf 81' lang='lat' dir='ltr'>en</span> <span class='ocrx_word' id='word_1_138' title='bbox 465 1181 569 1222; x_wconf 87' lang='lat' dir='ltr'>O’Donelli</span> <span class='ocrx_word' id='word_1_139' title='bbox 579 1183 645 1222; x_wconf 85' lang='lat' dir='ltr'>castris</span> <span class='ocrx_word' id='word_1_140' title='bbox 655 1182 706 1222; x_wconf 90' lang='lat' dir='ltr'>hosti</span> <span class='ocrx_word' id='word_1_141' title='bbox 720 1181 796 1222; x_wconf 85' lang='lat' dir='ltr'>obviam</span> <span class='ocrx_word' id='word_1_142' title='bbox 806 1185 859 1232; x_wconf 84' lang='lat' dir='ltr'>eunt,</span> <span class='ocrx_word' id='word_1_143' title='bbox 869 1181 956 1222; x_wconf 82' lang='lat' dir='ltr'>utillum</span> <span class='ocrx_word' id='word_1_144' title='bbox 971 1182 1036 1222; x_wconf 87' lang='lat' dir='ltr'>incur-</span> 
     </span>
     <span class='ocr_line' id='line_1_15' title="bbox 261 1235 1037 1290; baseline 0.001 -14"><span class='ocrx_word' id='word_1_145' title='bbox 261 1235 349 1277; x_wconf 87' lang='lat' dir='ltr'>sionibus</span> <span class='ocrx_word' id='word_1_146' title='bbox 363 1236 485 1289; x_wconf 80' lang='lat' dir='ltr'>prohibeant,</span> <span class='ocrx_word' id='word_1_147' title='bbox 503 1250 615 1290; x_wconf 81' lang='lat' dir='ltr'>somnoque,</span> <span class='ocrx_word' id='word_1_148' title='bbox 633 1238 650 1277; x_wconf 79' lang='lat' dir='ltr'>da</span> <span class='ocrx_word' id='word_1_149' title='bbox 666 1237 730 1290; x_wconf 89' lang='lat' dir='ltr'>quiete</span> <span class='ocrx_word' id='word_1_150' title='bbox 747 1238 829 1290; x_wconf 72' lang='lat' dir='ltr'>privent,</span> <span class='ocrx_word' id='word_1_151' title='bbox 841 1237 944 1290; x_wconf 86' lang='lat' dir='ltr'>quominus</span> <span class='ocrx_word' id='word_1_152' title='bbox 959 1242 1037 1277; x_wconf 87' lang='lat' dir='ltr'>strenue</span> 
     </span>
     <span class='ocr_line' id='line_1_16' title="bbox 261 1291 1036 1346; baseline 0.003 -16"><span class='ocrx_word' id='word_1_153' title='bbox 261 1304 306 1331; x_wconf 89' lang='lat' dir='ltr'>cum</span> <span class='ocrx_word' id='word_1_154' title='bbox 316 1291 425 1332; x_wconf 78' lang='lat' dir='ltr'>O’Donetio</span> <span class='ocrx_word' id='word_1_155' title='bbox 441 1291 509 1346; x_wconf 78' lang='lat' dir='ltr'>posteb</span> <span class='ocrx_word' id='word_1_156' title='bbox 522 1292 625 1345; x_wconf 80' lang='lat' dir='ltr'>praelietur.</span> <span class='ocrx_word' id='word_1_157' title='bbox 654 1291 735 1332; x_wconf 83' lang='lat' dir='ltr'>Interim</span> <span class='ocrx_word' id='word_1_158' title='bbox 750 1292 822 1332; x_wconf 86' lang='lat' dir='ltr'>Duhus</span> <span class='ocrx_word' id='word_1_159' title='bbox 836 1305 875 1332; x_wconf 87' lang='lat' dir='ltr'>uon</span> <span class='ocrx_word' id='word_1_160' title='bbox 884 1291 963 1345; x_wconf 88' lang='lat' dir='ltr'>longius</span> <span class='ocrx_word' id='word_1_161' title='bbox 972 1291 1036 1332; x_wconf 84' lang='lat' dir='ltr'>tribus</span> 
     </span>
     <span class='ocr_line' id='line_1_17' title="bbox 259 1346 1036 1400; baseline 0 -14"><span class='ocrx_word' id='word_1_162' title='bbox 259 1346 345 1386; x_wconf 88' lang='lat' dir='ltr'>millibus</span> <span class='ocrx_word' id='word_1_163' title='bbox 354 1360 447 1400; x_wconf 87' lang='lat' dir='ltr'>passuum</span> <span class='ocrx_word' id='word_1_164' title='bbox 456 1346 492 1387; x_wconf 88' lang='lat' dir='ltr'>suh</span> <span class='ocrx_word' id='word_1_165' title='bbox 502 1361 603 1400; x_wconf 86' lang='lat' dir='ltr'>vesperum</span> <span class='ocrx_word' id='word_1_166' title='bbox 614 1347 700 1387; x_wconf 84' lang='lat' dir='ltr'>consistit</span> <span class='ocrx_word' id='word_1_167' title='bbox 710 1347 796 1387; x_wconf 64' lang='lat' dir='ltr'>tharisii</span> <span class='ocrx_word' id='word_1_168' title='bbox 803 1347 893 1387; x_wconf 78' lang='lat' dir='ltr'>tluminis</span> <span class='ocrx_word' id='word_1_169' title='bbox 903 1346 973 1387; x_wconf 67' lang='lat' dir='ltr'>vadat</span> <span class='ocrx_word' id='word_1_170' title='bbox 994 1346 1036 1387; x_wconf 86' lang='lat' dir='ltr'>Ubi</span> 
     </span>
     <span class='ocr_line' id='line_1_18' title="bbox 258 1401 1036 1455; baseline 0.005 -14"><span class='ocrx_word' id='word_1_171' title='bbox 258 1401 341 1442; x_wconf 89' lang='lat' dir='ltr'>tenebris</span> <span class='ocrx_word' id='word_1_172' title='bbox 351 1402 419 1455; x_wconf 90' lang='lat' dir='ltr'>primis</span> <span class='ocrx_word' id='word_1_173' title='bbox 428 1402 440 1442; x_wconf 71' lang='lat' dir='ltr'>a</span> <span class='ocrx_word' id='word_1_174' title='bbox 449 1402 494 1442; x_wconf 85' lang='lat' dir='ltr'>Mac</span> <span class='ocrx_word' id='word_1_175' title='bbox 505 1401 582 1451; x_wconf 83' lang='lat' dir='ltr'>Guiere,</span> <span class='ocrx_word' id='word_1_176' title='bbox 594 1401 715 1442; x_wconf 75' lang='lat' dir='ltr'>&amp;Cormalro</span> <span class='ocrx_word' id='word_1_177' title='bbox 730 1401 794 1442; x_wconf 86' lang='lat' dir='ltr'>missis</span> <span class='ocrx_word' id='word_1_178' title='bbox 810 1401 906 1455; x_wconf 88' lang='lat' dir='ltr'>selopistis</span> <span class='ocrx_word' id='word_1_179' title='bbox 923 1401 1036 1445; x_wconf 78' lang='lat' dir='ltr'>densissimd</span> 
     </span>
     <span class='ocr_line' id='line_1_19' title="bbox 259 1456 1034 1510; baseline 0 -13"><span class='ocrx_word' id='word_1_180' title='bbox 259 1456 393 1509; x_wconf 87' lang='lat' dir='ltr'>plumbearum</span> <span class='ocrx_word' id='word_1_181' title='bbox 412 1457 516 1510; x_wconf 84' lang='lat' dir='ltr'>pilularum</span> <span class='ocrx_word' id='word_1_182' title='bbox 535 1457 554 1497; x_wconf 91' lang='lat' dir='ltr'>vi</span> <span class='ocrx_word' id='word_1_183' title='bbox 572 1457 676 1510; x_wconf 81' lang='lat' dir='ltr'>improvisd</span> <span class='ocrx_word' id='word_1_184' title='bbox 695 1456 795 1498; x_wconf 84' lang='lat' dir='ltr'>obruitur:</span> <span class='ocrx_word' id='word_1_185' title='bbox 811 1471 859 1510; x_wconf 87' lang='lat' dir='ltr'>quos</span> <span class='ocrx_word' id='word_1_186' title='bbox 878 1460 945 1497; x_wconf 88' lang='lat' dir='ltr'>contra</span> <span class='ocrx_word' id='word_1_187' title='bbox 962 1456 1034 1497; x_wconf 84' lang='lat' dir='ltr'>Duhus</span> 
     </span>
     <span class='ocr_line' id='line_1_20' title="bbox 261 1512 1034 1567; baseline 0.001 -16"><span class='ocrx_word' id='word_1_188' title='bbox 261 1525 337 1564; x_wconf 92' lang='lat' dir='ltr'>quoque</span> <span class='ocrx_word' id='word_1_189' title='bbox 346 1512 489 1552; x_wconf 88' lang='lat' dir='ltr'>bombardarios</span> <span class='ocrx_word' id='word_1_190' title='bbox 499 1526 545 1552; x_wconf 89' lang='lat' dir='ltr'>suos</span> <span class='ocrx_word' id='word_1_191' title='bbox 555 1512 621 1552; x_wconf 87' lang='lat' dir='ltr'>mittit.</span> <span class='ocrx_word' id='word_1_192' title='bbox 650 1512 682 1553; x_wconf 89' lang='lat' dir='ltr'>Ita</span> <span class='ocrx_word' id='word_1_193' title='bbox 691 1517 771 1566; x_wconf 78' lang='lat' dir='ltr'>utraque</span> <span class='ocrx_word' id='word_1_194' title='bbox 779 1518 834 1567; x_wconf 89' lang='lat' dir='ltr'>parte</span> <span class='ocrx_word' id='word_1_195' title='bbox 843 1526 876 1565; x_wconf 87' lang='lat' dir='ltr'>per</span> <span class='ocrx_word' id='word_1_196' title='bbox 886 1516 962 1552; x_wconf 89' lang='lat' dir='ltr'>noctem</span> <span class='ocrx_word' id='word_1_197' title='bbox 973 1516 1034 1552; x_wconf 88' lang='lat' dir='ltr'>totam</span> 
     </span>
     <span class='ocr_line' id='line_1_21' title="bbox 261 1566 1034 1620; baseline 0 -14"><span class='ocrx_word' id='word_1_198' title='bbox 261 1567 336 1607; x_wconf 89' lang='lat' dir='ltr'>eminus</span> <span class='ocrx_word' id='word_1_199' title='bbox 346 1566 450 1620; x_wconf 86' lang='lat' dir='ltr'>praeliante,</span> <span class='ocrx_word' id='word_1_200' title='bbox 461 1567 509 1620; x_wconf 88' lang='lat' dir='ltr'>regii</span> <span class='ocrx_word' id='word_1_201' title='bbox 518 1567 609 1620; x_wconf 90' lang='lat' dir='ltr'>periculo,</span> <span class='ocrx_word' id='word_1_202' title='bbox 621 1566 794 1608; x_wconf 76' lang='lat' dir='ltr'>&amp;bombardarum</span> <span class='ocrx_word' id='word_1_203' title='bbox 804 1568 870 1607; x_wconf 88' lang='lat' dir='ltr'>sonitu</span> <span class='ocrx_word' id='word_1_204' title='bbox 879 1580 947 1606; x_wconf 88' lang='lat' dir='ltr'>somno</span> <span class='ocrx_word' id='word_1_205' title='bbox 957 1568 1034 1620; x_wconf 88' lang='lat' dir='ltr'>privan-</span> 
     </span>
     <span class='ocr_line' id='line_1_22' title="bbox 259 1621 1034 1675; baseline 0.001 -15"><span class='ocrx_word' id='word_1_206' title='bbox 259 1624 298 1661; x_wconf 82' lang='lat' dir='ltr'>tur.</span> <span class='ocrx_word' id='word_1_207' title='bbox 326 1622 407 1667; x_wconf 88' lang='lat' dir='ltr'>Postero</span> <span class='ocrx_word' id='word_1_208' title='bbox 418 1622 448 1662; x_wconf 92' lang='lat' dir='ltr'>die</span> <span class='ocrx_word' id='word_1_209' title='bbox 457 1625 501 1675; x_wconf 88' lang='lat' dir='ltr'>post</span> <span class='ocrx_word' id='word_1_210' title='bbox 512 1621 560 1661; x_wconf 92' lang='lat' dir='ltr'>lucis</span> <span class='ocrx_word' id='word_1_211' title='bbox 575 1626 664 1662; x_wconf 73' lang='lat' dir='ltr'>exortum</span> <span class='ocrx_word' id='word_1_212' title='bbox 678 1622 749 1662; x_wconf 83' lang='lat' dir='ltr'>Duhus</span> <span class='ocrx_word' id='word_1_213' title='bbox 759 1636 782 1662; x_wconf 80' lang='lat' dir='ltr'>ex</span> <span class='ocrx_word' id='word_1_214' title='bbox 795 1623 885 1662; x_wconf 81' lang='lat' dir='ltr'>universo</span> <span class='ocrx_word' id='word_1_215' title='bbox 902 1623 986 1661; x_wconf 77' lang='lat' dir='ltr'>exercitu</span> <span class='ocrx_word' id='word_1_216' title='bbox 1000 1636 1034 1675; x_wconf 90' lang='lat' dir='ltr'>ag-</span> 
     </span>
     <span class='ocr_line' id='line_1_23' title="bbox 257 1675 1033 1730; baseline 0.001 -15"><span class='ocrx_word' id='word_1_217' title='bbox 257 1675 311 1716; x_wconf 85' lang='lat' dir='ltr'>mina</span> <span class='ocrx_word' id='word_1_218' title='bbox 327 1677 364 1716; x_wconf 90' lang='lat' dir='ltr'>tria</span> <span class='ocrx_word' id='word_1_219' title='bbox 379 1676 477 1716; x_wconf 89' lang='lat' dir='ltr'>instruens</span> <span class='ocrx_word' id='word_1_220' title='bbox 494 1676 587 1729; x_wconf 88' lang='lat' dir='ltr'>equitum,</span> <span class='ocrx_word' id='word_1_221' title='bbox 599 1677 783 1730; x_wconf 72' lang='lat' dir='ltr'>&amp;scloperariorum</span> <span class='ocrx_word' id='word_1_222' title='bbox 797 1677 831 1717; x_wconf 87' lang='lat' dir='ltr'>alis</span> <span class='ocrx_word' id='word_1_223' title='bbox 845 1675 926 1724; x_wconf 86' lang='lat' dir='ltr'>munita,</span> <span class='ocrx_word' id='word_1_224' title='bbox 937 1676 988 1728; x_wconf 83' lang='lat' dir='ltr'>qudd</span> <span class='ocrx_word' id='word_1_225' title='bbox 997 1677 1033 1716; x_wconf 51' lang='lat' dir='ltr'>irn-¹</span> 
     </span>
     <span class='ocr_line' id='line_1_24' title="bbox 257 1730 1032 1785; baseline 0 -15"><span class='ocrx_word' id='word_1_226' title='bbox 257 1731 368 1783; x_wconf 86' lang='lat' dir='ltr'>pedimenta</span> <span class='ocrx_word' id='word_1_227' title='bbox 383 1745 453 1784; x_wconf 88' lang='lat' dir='ltr'>magna</span> <span class='ocrx_word' id='word_1_228' title='bbox 469 1730 558 1779; x_wconf 89' lang='lat' dir='ltr'>habebat,</span> <span class='ocrx_word' id='word_1_229' title='bbox 573 1732 707 1784; x_wconf 84' lang='lat' dir='ltr'>jumentorum</span> <span class='ocrx_word' id='word_1_230' title='bbox 721 1746 764 1785; x_wconf 84' lang='lat' dir='ltr'>quae</span> <span class='ocrx_word' id='word_1_231' title='bbox 778 1735 905 1773; x_wconf 87' lang='lat' dir='ltr'>commeatum</span> <span class='ocrx_word' id='word_1_232' title='bbox 915 1730 1032 1783; x_wconf 80' lang='lat' dir='ltr'>bajulabant,</span> 
     </span>
     <span class='ocr_line' id='line_1_25' title="bbox 257 1785 1032 1839; baseline 0 -14"><span class='ocrx_word' id='word_1_233' title='bbox 257 1785 389 1834; x_wconf 84' lang='lat' dir='ltr'>asinariorum,</span> <span class='ocrx_word' id='word_1_234' title='bbox 408 1786 503 1835; x_wconf 89' lang='lat' dir='ltr'>calonum,</span> <span class='ocrx_word' id='word_1_235' title='bbox 523 1790 581 1839; x_wconf 88' lang='lat' dir='ltr'>atque</span> <span class='ocrx_word' id='word_1_236' title='bbox 600 1787 727 1836; x_wconf 87' lang='lat' dir='ltr'>meretricum,</span> <span class='ocrx_word' id='word_1_237' title='bbox 745 1801 767 1827; x_wconf 91' lang='lat' dir='ltr'>ea</span> <span class='ocrx_word' id='word_1_238' title='bbox 783 1787 803 1827; x_wconf 89' lang='lat' dir='ltr'>in</span> <span class='ocrx_word' id='word_1_239' title='bbox 818 1787 866 1827; x_wconf 90' lang='lat' dir='ltr'>duas</span> <span class='ocrx_word' id='word_1_240' title='bbox 879 1789 943 1839; x_wconf 86' lang='lat' dir='ltr'>partes</span> <span class='ocrx_word' id='word_1_241' title='bbox 957 1786 1032 1836; x_wconf 81' lang='lat' dir='ltr'>diuidit,</span> 
     </span>
     <span class='ocr_line' id='line_1_26' title="bbox 257 1840 1031 1894; baseline 0.001 -14"><span class='ocrx_word' id='word_1_242' title='bbox 257 1840 392 1881; x_wconf 87' lang='lat' dir='ltr'>alteraminter</span> <span class='ocrx_word' id='word_1_243' title='bbox 398 1842 486 1894; x_wconf 80' lang='lat' dir='ltr'>primam,</span> <span class='ocrx_word' id='word_1_244' title='bbox 498 1840 627 1881; x_wconf 75' lang='lat' dir='ltr'>&amp;secundam</span> <span class='ocrx_word' id='word_1_245' title='bbox 633 1842 698 1890; x_wconf 85' lang='lat' dir='ltr'>aciem,</span> <span class='ocrx_word' id='word_1_246' title='bbox 710 1841 874 1891; x_wconf 63' lang='lat' dir='ltr'>&amp;interimunt</span> <span class='ocrx_word' id='word_1_247' title='bbox 889 1840 974 1881; x_wconf 79' lang='lat' dir='ltr'>ultimam</span> <span class='ocrx_word' id='word_1_248' title='bbox 984 1842 1031 1881; x_wconf 90' lang='lat' dir='ltr'>alte-</span> 
     </span>
     <span class='ocr_line' id='line_1_27' title="bbox 256 1895 1030 1950; baseline 0.001 -16"><span class='ocrx_word' id='word_1_249' title='bbox 256 1908 297 1935; x_wconf 87' lang='lat' dir='ltr'>ram</span> <span class='ocrx_word' id='word_1_250' title='bbox 305 1896 390 1936; x_wconf 78' lang='lat' dir='ltr'>collocat,</span> <span class='ocrx_word' id='word_1_251' title='bbox 421 1895 524 1940; x_wconf 72' lang='lat' dir='ltr'>Quomodo</span> <span class='ocrx_word' id='word_1_252' title='bbox 531 1896 638 1936; x_wconf 84' lang='lat' dir='ltr'>instructus</span> <span class='ocrx_word' id='word_1_253' title='bbox 644 1896 713 1937; x_wconf 86' lang='lat' dir='ltr'>milites</span> <span class='ocrx_word' id='word_1_254' title='bbox 720 1896 822 1950; x_wconf 87' lang='lat' dir='ltr'>praeteritae</span> <span class='ocrx_word' id='word_1_255' title='bbox 829 1895 891 1936; x_wconf 87' lang='lat' dir='ltr'>noetis</span> <span class='ocrx_word' id='word_1_256' title='bbox 899 1895 965 1947; x_wconf 82' lang='lat' dir='ltr'>vigilia</span> <span class='ocrx_word' id='word_1_257' title='bbox 973 1896 1030 1936; x_wconf 89' lang='lat' dir='ltr'>semi-</span> 
     </span>
     <span class='ocr_line' id='line_1_28' title="bbox 256 1950 1030 2004; baseline 0.001 -14"><span class='ocrx_word' id='word_1_258' title='bbox 256 1964 332 1991; x_wconf 88' lang='lat' dir='ltr'>somnes</span> <span class='ocrx_word' id='word_1_259' title='bbox 342 1951 353 1990; x_wconf 75' lang='lat' dir='ltr'>e</span> <span class='ocrx_word' id='word_1_260' title='bbox 363 1951 429 1991; x_wconf 86' lang='lat' dir='ltr'>castris</span> <span class='ocrx_word' id='word_1_261' title='bbox 438 1964 518 1991; x_wconf 81' lang='lat' dir='ltr'>mouens</span> <span class='ocrx_word' id='word_1_262' title='bbox 528 1951 540 1990; x_wconf 74' lang='lat' dir='ltr'>a</span> <span class='ocrx_word' id='word_1_263' title='bbox 548 1950 652 1991; x_wconf 86' lang='lat' dir='ltr'>Catholicis</span> <span class='ocrx_word' id='word_1_264' title='bbox 669 1951 762 1992; x_wconf 72' lang='lat' dir='ltr'>continue</span> <span class='ocrx_word' id='word_1_265' title='bbox 771 1951 810 1992; x_wconf 89' lang='lat' dir='ltr'>tela</span> <span class='ocrx_word' id='word_1_266' title='bbox 817 1950 933 2004; x_wconf 80' lang='lat' dir='ltr'>jacientibus</span> <span class='ocrx_word' id='word_1_267' title='bbox 943 1964 1030 2003; x_wconf 78' lang='lat' dir='ltr'>gressum</span> 
     </span>
     <span class='ocr_line' id='line_1_29' title="bbox 255 2004 1030 2059; baseline 0 -13"><span class='ocrx_word' id='word_1_268' title='bbox 255 2007 380 2059; x_wconf 85' lang='lat' dir='ltr'>comprimere</span> <span class='ocrx_word' id='word_1_269' title='bbox 390 2020 440 2059; x_wconf 83' lang='lat' dir='ltr'>saepe</span> <span class='ocrx_word' id='word_1_270' title='bbox 457 2004 585 2059; x_wconf 86' lang='lat' dir='ltr'>compellitur,</span> <span class='ocrx_word' id='word_1_271' title='bbox 595 2005 671 2046; x_wconf 89' lang='lat' dir='ltr'>eosdem</span> <span class='ocrx_word' id='word_1_272' title='bbox 681 2007 765 2046; x_wconf 89' lang='lat' dir='ltr'>vicissim</span> <span class='ocrx_word' id='word_1_273' title='bbox 774 2006 851 2059; x_wconf 88' lang='lat' dir='ltr'>longius</span> <span class='ocrx_word' id='word_1_274' title='bbox 860 2019 968 2046; x_wconf 82' lang='lat' dir='ltr'>removens.</span> <span class='ocrx_word' id='word_1_275' title='bbox 996 2006 1030 2046; x_wconf 77' lang='lat' dir='ltr'>Ad</span> 
     </span>
     <span class='ocr_line' id='line_1_30' title="bbox 254 2060 1029 2113; baseline 0.003 -13"><span class='ocrx_word' id='word_1_276' title='bbox 254 2060 322 2101; x_wconf 87' lang='lat' dir='ltr'>horam</span> <span class='ocrx_word' id='word_1_277' title='bbox 338 2061 377 2101; x_wconf 89' lang='lat' dir='ltr'>diei</span> <span class='ocrx_word' id='word_1_278' title='bbox 391 2061 513 2101; x_wconf 84' lang='lat' dir='ltr'>undecimam</span> <span class='ocrx_word' id='word_1_279' title='bbox 529 2074 569 2100; x_wconf 89' lang='lat' dir='ltr'>non</span> <span class='ocrx_word' id='word_1_280' title='bbox 585 2060 663 2113; x_wconf 87' lang='lat' dir='ltr'>lougius</span> <span class='ocrx_word' id='word_1_281' title='bbox 680 2060 790 2102; x_wconf 78' lang='lat' dir='ltr'>bombardae</span> <span class='ocrx_word' id='word_1_282' title='bbox 804 2063 857 2102; x_wconf 89' lang='lat' dir='ltr'>iactu</span> <span class='ocrx_word' id='word_1_283' title='bbox 870 2062 883 2100; x_wconf 75' lang='lat' dir='ltr'>a</span> <span class='ocrx_word' id='word_1_284' title='bbox 896 2060 966 2100; x_wconf 74' lang='lat' dir='ltr'>Furnio</span> <span class='ocrx_word' id='word_1_285' title='bbox 979 2061 1029 2102; x_wconf 85' lang='lat' dir='ltr'>rado</span> 
     </span>
     <span class='ocr_line' id='line_1_31' title="bbox 254 2114 1030 2169; baseline 0.003 -14"><span class='ocrx_word' id='word_1_286' title='bbox 254 2115 313 2156; x_wconf 88' lang='lat' dir='ltr'>venit.</span> <span class='ocrx_word' id='word_1_287' title='bbox 341 2115 382 2155; x_wconf 83' lang='lat' dir='ltr'>Vbi</span> <span class='ocrx_word' id='word_1_288' title='bbox 391 2116 466 2169; x_wconf 84' lang='lat' dir='ltr'>equites</span> <span class='ocrx_word' id='word_1_289' title='bbox 475 2114 500 2155; x_wconf 92' lang='lat' dir='ltr'>ad</span> <span class='ocrx_word' id='word_1_290' title='bbox 508 2115 567 2169; x_wconf 88' lang='lat' dir='ltr'>pedes</span> <span class='ocrx_word' id='word_1_291' title='bbox 578 2115 690 2156; x_wconf 87' lang='lat' dir='ltr'>descendere</span> <span class='ocrx_word' id='word_1_292' title='bbox 698 2115 760 2169; x_wconf 82' lang='lat' dir='ltr'>jubet,</span> <span class='ocrx_word' id='word_1_293' title='bbox 771 2116 824 2169; x_wconf 85' lang='lat' dir='ltr'>qudd</span> <span class='ocrx_word' id='word_1_294' title='bbox 833 2121 873 2156; x_wconf 86' lang='lat' dir='ltr'>erat</span> <span class='ocrx_word' id='word_1_295' title='bbox 882 2117 937 2155; x_wconf 80' lang='lat' dir='ltr'>loeus</span> <span class='ocrx_word' id='word_1_296' title='bbox 946 2117 1030 2169; x_wconf 89' lang='lat' dir='ltr'>equestri</span> 
     </span>
     <span class='ocr_line' id='line_1_32' title="bbox 252 2169 1028 2223; baseline 0 -12"><span class='ocrx_word' id='word_1_297' title='bbox 252 2171 319 2223; x_wconf 88' lang='lat' dir='ltr'>praelio</span> <span class='ocrx_word' id='word_1_298' title='bbox 335 2171 400 2211; x_wconf 89' lang='lat' dir='ltr'>minus</span> <span class='ocrx_word' id='word_1_299' title='bbox 414 2171 502 2212; x_wconf 78' lang='lat' dir='ltr'>idoneus</span> <span class='ocrx_word' id='word_1_300' title='bbox 532 2169 571 2211; x_wconf 89' lang='lat' dir='ltr'>Hic</span> <span class='ocrx_word' id='word_1_301' title='bbox 588 2170 634 2210; x_wconf 85' lang='lat' dir='ltr'>Mac</span> <span class='ocrx_word' id='word_1_302' title='bbox 652 2170 717 2220; x_wconf 80' lang='lat' dir='ltr'>Guier,</span> <span class='ocrx_word' id='word_1_303' title='bbox 727 2175 746 2210; x_wconf 90' lang='lat' dir='ltr'>et</span> <span class='ocrx_word' id='word_1_304' title='bbox 756 2171 862 2211; x_wconf 83' lang='lat' dir='ltr'>Cormahus</span> <span class='ocrx_word' id='word_1_305' title='bbox 872 2183 917 2210; x_wconf 89' lang='lat' dir='ltr'>cum</span> <span class='ocrx_word' id='word_1_306' title='bbox 929 2170 1028 2223; x_wconf 87' lang='lat' dir='ltr'>peditibus</span> 
     </span>
     <span class='ocr_line' id='line_1_33' title="bbox 253 2224 1028 2278; baseline 0.001 -13"><span class='ocrx_word' id='word_1_307' title='bbox 253 2225 305 2266; x_wconf 89' lang='lat' dir='ltr'>mille</span> <span class='ocrx_word' id='word_1_308' title='bbox 314 2227 361 2266; x_wconf 89' lang='lat' dir='ltr'>totis</span> <span class='ocrx_word' id='word_1_309' title='bbox 370 2226 443 2266; x_wconf 86' lang='lat' dir='ltr'>viribus</span> <span class='ocrx_word' id='word_1_310' title='bbox 453 2226 550 2267; x_wconf 90' lang='lat' dir='ltr'>dimicant.</span> <span class='ocrx_word' id='word_1_311' title='bbox 579 2225 655 2265; x_wconf 82' lang='lat' dir='ltr'>Eorum</span> <span class='ocrx_word' id='word_1_312' title='bbox 668 2224 797 2265; x_wconf 89' lang='lat' dir='ltr'>bombardarii</span> <span class='ocrx_word' id='word_1_313' title='bbox 806 2225 879 2278; x_wconf 88' lang='lat' dir='ltr'>agmini</span> <span class='ocrx_word' id='word_1_314' title='bbox 887 2225 949 2277; x_wconf 89' lang='lat' dir='ltr'>primo</span> <span class='ocrx_word' id='word_1_315' title='bbox 958 2225 1028 2266; x_wconf 82' lang='lat' dir='ltr'>fortius</span> 
     </span>
     <span class='ocr_line' id='line_1_34' title="bbox 252 2279 1027 2331; baseline 0.001 -11"><span class='ocrx_word' id='word_1_316' title='bbox 252 2281 378 2331; x_wconf 87' lang='lat' dir='ltr'>reluctantur,</span> <span class='ocrx_word' id='word_1_317' title='bbox 390 2282 406 2321; x_wconf 73' lang='lat' dir='ltr'>ta</span> <span class='ocrx_word' id='word_1_318' title='bbox 416 2281 482 2322; x_wconf 84' lang='lat' dir='ltr'>ultimo</span> <span class='ocrx_word' id='word_1_319' title='bbox 492 2295 532 2321; x_wconf 91' lang='lat' dir='ltr'>non</span> <span class='ocrx_word' id='word_1_320' title='bbox 537 2280 597 2321; x_wconf 92' lang='lat' dir='ltr'>modo</span> <span class='ocrx_word' id='word_1_321' title='bbox 603 2279 737 2329; x_wconf 89' lang='lat' dir='ltr'>bombardarii,</span> <span class='ocrx_word' id='word_1_322' title='bbox 748 2280 781 2320; x_wconf 88' lang='lat' dir='ltr'>sed</span> <span class='ocrx_word' id='word_1_323' title='bbox 787 2280 843 2321; x_wconf 86' lang='lat' dir='ltr'>etiam</span> <span class='ocrx_word' id='word_1_324' title='bbox 849 2280 920 2321; x_wconf 85' lang='lat' dir='ltr'>hastati</span> <span class='ocrx_word' id='word_1_325' title='bbox 928 2280 1027 2322; x_wconf 89' lang='lat' dir='ltr'>insistunt.</span> 
     </span>
     <span class='ocr_line' id='line_1_35' title="bbox 253 2334 1027 2389; baseline 0 -13"><span class='ocrx_word' id='word_1_326' title='bbox 253 2335 349 2377; x_wconf 78' lang='lat' dir='ltr'>Caeterum</span> <span class='ocrx_word' id='word_1_327' title='bbox 364 2337 449 2389; x_wconf 88' lang='lat' dir='ltr'>primum</span> <span class='ocrx_word' id='word_1_328' title='bbox 465 2350 534 2388; x_wconf 89' lang='lat' dir='ltr'>agmen</span> <span class='ocrx_word' id='word_1_329' title='bbox 549 2336 601 2376; x_wconf 82' lang='lat' dir='ltr'>terro</span> <span class='ocrx_word' id='word_1_330' title='bbox 610 2336 660 2375; x_wconf 83' lang='lat' dir='ltr'>riam</span> <span class='ocrx_word' id='word_1_331' title='bbox 671 2335 763 2388; x_wconf 88' lang='lat' dir='ltr'>aperiens,</span> <span class='ocrx_word' id='word_1_332' title='bbox 775 2335 845 2376; x_wconf 76' lang='lat' dir='ltr'>&amp;irinc</span> <span class='ocrx_word' id='word_1_333' title='bbox 858 2335 904 2375; x_wconf 91' lang='lat' dir='ltr'>inde</span> <span class='ocrx_word' id='word_1_334' title='bbox 918 2334 1027 2376; x_wconf 88' lang='lat' dir='ltr'>Catholicos</span> 
     </span>
     <span class='ocr_line' id='line_1_36' title="bbox 252 2388 1027 2445; baseline -0.001 -14"><span class='ocrx_word' id='word_1_335' title='bbox 252 2405 318 2431; x_wconf 82' lang='lat' dir='ltr'>arcens</span> <span class='ocrx_word' id='word_1_336' title='bbox 327 2391 399 2432; x_wconf 84' lang='lat' dir='ltr'>uadum</span> <span class='ocrx_word' id='word_1_337' title='bbox 409 2391 526 2445; x_wconf 73' lang='lat' dir='ltr'>aggreditm’.</span> <span class='ocrx_word' id='word_1_338' title='bbox 554 2391 637 2432; x_wconf 79' lang='lat' dir='ltr'>interim</span> <span class='ocrx_word' id='word_1_339' title='bbox 647 2389 741 2430; x_wconf 77' lang='lat' dir='ltr'>Catholici</span> <span class='ocrx_word' id='word_1_340' title='bbox 750 2388 884 2439; x_wconf 87' lang='lat' dir='ltr'>bombardarii,</span> <span class='ocrx_word' id='word_1_341' title='bbox 893 2390 927 2443; x_wconf 91' lang='lat' dir='ltr'>qui</span> <span class='ocrx_word' id='word_1_342' title='bbox 935 2390 1027 2431; x_wconf 86' lang='lat' dir='ltr'>ultimum</span> 
     </span>
     <span class='ocr_line' id='line_1_37' title="bbox 251 2445 1026 2500; baseline -0.001 -14"><span class='ocrx_word' id='word_1_343' title='bbox 251 2460 320 2499; x_wconf 84' lang='lat' dir='ltr'>agmen</span> <span class='ocrx_word' id='word_1_344' title='bbox 329 2446 476 2500; x_wconf 81' lang='lat' dir='ltr'>impugnabant,</span> <span class='ocrx_word' id='word_1_345' title='bbox 486 2446 635 2499; x_wconf 88' lang='lat' dir='ltr'>protestantium</span> <span class='ocrx_word' id='word_1_346' title='bbox 644 2445 801 2499; x_wconf 87' lang='lat' dir='ltr'>scloperariorum</span> <span class='ocrx_word' id='word_1_347' title='bbox 814 2445 852 2486; x_wconf 87' lang='lat' dir='ltr'>alas</span> <span class='ocrx_word' id='word_1_348' title='bbox 861 2446 883 2486; x_wconf 89' lang='lat' dir='ltr'>in</span> <span class='ocrx_word' id='word_1_349' title='bbox 895 2459 964 2499; x_wconf 81' lang='lat' dir='ltr'>agmen</span> <span class='ocrx_word' id='word_1_350' title='bbox 974 2459 1026 2485; x_wconf 89' lang='lat' dir='ltr'>com·</span> 
     </span>
     <span class='ocr_line' id='line_1_38' title="bbox 250 2500 1024 2555; baseline -0.001 -13"><span class='ocrx_word' id='word_1_351' title='bbox 250 2501 332 2554; x_wconf 88' lang='lat' dir='ltr'>pellunt,</span> <span class='ocrx_word' id='word_1_352' title='bbox 342 2501 429 2555; x_wconf 88' lang='lat' dir='ltr'>illudque</span> <span class='ocrx_word' id='word_1_353' title='bbox 445 2501 541 2555; x_wconf 88' lang='lat' dir='ltr'>plumbeis</span> <span class='ocrx_word' id='word_1_354' title='bbox 555 2500 659 2554; x_wconf 84' lang='lat' dir='ltr'>glandibus</span> <span class='ocrx_word' id='word_1_355' title='bbox 670 2501 790 2541; x_wconf 81' lang='lat' dir='ltr'>continenter</span> <span class='ocrx_word' id='word_1_356' title='bbox 799 2501 893 2553; x_wconf 87' lang='lat' dir='ltr'>carpendo</span> <span class='ocrx_word' id='word_1_357' title='bbox 903 2500 977 2540; x_wconf 73' lang='lat' dir='ltr'>faciunt</span> <span class='ocrx_word' id='word_1_358' title='bbox 986 2504 1024 2541; x_wconf 87' lang='lat' dir='ltr'>tre-</span> 
     </span>
     <span class='ocr_line' id='line_1_39' title="bbox 250 2555 1024 2610; baseline -0.001 -14"><span class='ocrx_word' id='word_1_359' title='bbox 250 2556 328 2608; x_wconf 84' lang='lat' dir='ltr'>pidare:</span> <span class='ocrx_word' id='word_1_360' title='bbox 344 2557 481 2610; x_wconf 84' lang='lat' dir='ltr'>ordinibusque</span> <span class='ocrx_word' id='word_1_361' title='bbox 498 2557 536 2596; x_wconf 89' lang='lat' dir='ltr'>iam</span> <span class='ocrx_word' id='word_1_362' title='bbox 550 2557 620 2597; x_wconf 78' lang='lat' dir='ltr'>laxatis</span> <span class='ocrx_word' id='word_1_363' title='bbox 633 2555 783 2608; x_wconf 88' lang='lat' dir='ltr'>incompositum</span> <span class='ocrx_word' id='word_1_364' title='bbox 793 2555 887 2597; x_wconf 87' lang='lat' dir='ltr'>Catholici</span> <span class='ocrx_word' id='word_1_365' title='bbox 895 2555 966 2595; x_wconf 89' lang='lat' dir='ltr'>hastati</span> <span class='ocrx_word' id='word_1_366' title='bbox 975 2555 1024 2596; x_wconf 92' lang='lat' dir='ltr'>irru-</span> 
     </span>
     <span class='ocr_line' id='line_1_40' title="bbox 251 2609 1024 2666; baseline -0.003 -14"><span class='ocrx_word' id='word_1_367' title='bbox 251 2611 300 2652; x_wconf 88' lang='lat' dir='ltr'>endo</span> <span class='ocrx_word' id='word_1_368' title='bbox 316 2612 395 2666; x_wconf 88' lang='lat' dir='ltr'>penitus</span> <span class='ocrx_word' id='word_1_369' title='bbox 410 2611 526 2661; x_wconf 89' lang='lat' dir='ltr'>disturbant,</span> <span class='ocrx_word' id='word_1_370' title='bbox 537 2613 554 2651; x_wconf 80' lang='lat' dir='ltr'>tr</span> <span class='ocrx_word' id='word_1_371' title='bbox 563 2626 609 2651; x_wconf 89' lang='lat' dir='ltr'>eum</span> <span class='ocrx_word' id='word_1_372' title='bbox 618 2610 678 2651; x_wconf 74' lang='lat' dir='ltr'>altera</span> <span class='ocrx_word' id='word_1_373' title='bbox 687 2614 741 2663; x_wconf 86' lang='lat' dir='ltr'>parte</span> <span class='ocrx_word' id='word_1_374' title='bbox 749 2609 931 2664; x_wconf 81' lang='lat' dir='ltr'>impedimentormu</span> <span class='ocrx_word' id='word_1_375' title='bbox 939 2610 1024 2663; x_wconf 89' lang='lat' dir='ltr'>primum</span> 
     </span>
     <span class='ocr_line' id='line_1_41' title="bbox 250 2665 1023 2718; baseline 0.001 -13"><span class='ocrx_word' id='word_1_376' title='bbox 250 2667 385 2708; x_wconf 82' lang='lat' dir='ltr'>confundunt:</span> <span class='ocrx_word' id='word_1_377' title='bbox 401 2667 469 2708; x_wconf 92' lang='lat' dir='ltr'>deinde</span> <span class='ocrx_word' id='word_1_378' title='bbox 488 2666 513 2707; x_wconf 88' lang='lat' dir='ltr'>ad</span> <span class='ocrx_word' id='word_1_379' title='bbox 529 2666 614 2707; x_wconf 88' lang='lat' dir='ltr'>medium</span> <span class='ocrx_word' id='word_1_380' title='bbox 633 2679 703 2717; x_wconf 87' lang='lat' dir='ltr'>agmen</span> <span class='ocrx_word' id='word_1_381' title='bbox 722 2665 844 2718; x_wconf 85' lang='lat' dir='ltr'>compellunt.</span> <span class='ocrx_word' id='word_1_382' title='bbox 879 2665 919 2705; x_wconf 85' lang='lat' dir='ltr'>Hie</span> <span class='ocrx_word' id='word_1_383' title='bbox 937 2665 1023 2706; x_wconf 84' lang='lat' dir='ltr'>medium</span> 
     </span>
     <span class='ocr_line' id='line_1_42' title="bbox 250 2721 1022 2776; baseline 0.001 -16"><span class='ocrx_word' id='word_1_384' title='bbox 250 2736 318 2774; x_wconf 83' lang='lat' dir='ltr'>agmen</span> <span class='ocrx_word' id='word_1_385' title='bbox 328 2722 400 2776; x_wconf 78' lang='lat' dir='ltr'>duplex</span> <span class='ocrx_word' id='word_1_386' title='bbox 414 2727 511 2763; x_wconf 85' lang='lat' dir='ltr'>certamen</span> <span class='ocrx_word' id='word_1_387' title='bbox 526 2721 592 2771; x_wconf 77' lang='lat' dir='ltr'>inibat,</span> <span class='ocrx_word' id='word_1_388' title='bbox 604 2721 686 2760; x_wconf 85' lang='lat' dir='ltr'>altermn</span> <span class='ocrx_word' id='word_1_389' title='bbox 702 2721 833 2772; x_wconf 85' lang='lat' dir='ltr'>componendo</span> <span class='ocrx_word' id='word_1_390' title='bbox 848 2721 937 2761; x_wconf 84' lang='lat' dir='ltr'>ultimum</span> <span class='ocrx_word' id='word_1_391' title='bbox 947 2734 1022 2773; x_wconf 83' lang='lat' dir='ltr'>agmen,</span> 
     </span>
     <span class='ocr_line' id='line_1_43' title="bbox 249 2775 1024 2829; baseline 0 -13"><span class='ocrx_word' id='word_1_392' title='bbox 249 2777 330 2818; x_wconf 90' lang='lat' dir='ltr'>alterum</span> <span class='ocrx_word' id='word_1_393' title='bbox 339 2777 443 2818; x_wconf 83' lang='lat' dir='ltr'>Catholicis</span> <span class='ocrx_word' id='word_1_394' title='bbox 453 2777 570 2818; x_wconf 84' lang='lat' dir='ltr'>resistendo:</span> <span class='ocrx_word' id='word_1_395' title='bbox 587 2776 621 2817; x_wconf 90' lang='lat' dir='ltr'>sed</span> <span class='ocrx_word' id='word_1_396' title='bbox 630 2780 732 2828; x_wconf 83' lang='lat' dir='ltr'>utrumque</span> <span class='ocrx_word' id='word_1_397' title='bbox 741 2775 834 2817; x_wconf 88' lang='lat' dir='ltr'>Catholici</span> <span class='ocrx_word' id='word_1_398' title='bbox 847 2775 932 2829; x_wconf 83' lang='lat' dir='ltr'>urgendo</span> <span class='ocrx_word' id='word_1_399' title='bbox 942 2776 1024 2816; x_wconf 80' lang='lat' dir='ltr'>confim-</span> 
     </span>
    </p>
   </div>
   <div class='ocr_carea' id='block_1_3' title="bbox 248 2913 1024 3047">
    <p class='ocr_par' dir='ltr' id='par_1_3' title="bbox 248 2913 1024 3047">
     <span class='ocr_line' id='line_1_44' title="bbox 271 2913 1024 2960; baseline 0.007 -16"><span class='ocrx_word' id='word_1_400' title='bbox 271 2914 279 2929; x_wconf 79' lang='lat'>&#39;‘</span> <span class='ocrx_word' id='word_1_401' title='bbox 291 2913 336 2945; x_wconf 85' lang='lat' dir='ltr'>Now</span> <span class='ocrx_word' id='word_1_402' title='bbox 345 2913 438 2948; x_wconf 85' lang='lat' dir='ltr'>Drumanc</span> <span class='ocrx_word' id='word_1_403' title='bbox 452 2916 521 2960; x_wconf 84' lang='lat' dir='ltr'>bridge,</span> <span class='ocrx_word' id='word_1_404' title='bbox 535 2916 569 2949; x_wconf 80' lang='lat' dir='ltr'>five</span> <span class='ocrx_word' id='word_1_405' title='bbox 583 2915 634 2948; x_wconf 81' lang='lat' dir='ltr'>miles</span> <span class='ocrx_word' id='word_1_406' title='bbox 647 2914 698 2947; x_wconf 86' lang='lat' dir='ltr'>south</span> <span class='ocrx_word' id='word_1_407' title='bbox 708 2915 729 2948; x_wconf 87' lang='lat' dir='ltr'>of</span> <span class='ocrx_word' id='word_1_408' title='bbox 739 2915 855 2950; x_wconf 73' lang='lat' dir='ltr'>Euuislrillen.</span> <span class='ocrx_word' id='word_1_409' title='bbox 882 2917 930 2949; x_wconf 79' lang='lat' dir='ltr'>Four</span> <span class='ocrx_word' id='word_1_410' title='bbox 941 2918 1024 2957; x_wconf 58' lang='lat' dir='ltr'>arescere,</span> 
     </span>
     <span class='ocr_line' id='line_1_45' title="bbox 248 2957 1024 3005; baseline 0.01 -16"><span class='ocrx_word' id='word_1_411' title='bbox 248 2957 298 2990; x_wconf 70' lang='lat' dir='ltr'>Ad),</span> <span class='ocrx_word' id='word_1_412' title='bbox 309 2960 359 2997; x_wconf 74' lang='lat'>1594,</span> <span class='ocrx_word' id='word_1_413' title='bbox 368 2970 385 3002; x_wconf 90' lang='lat' dir='ltr'>p.</span> <span class='ocrx_word' id='word_1_414' title='bbox 399 2961 447 2995; x_wconf 82' lang='lat'>1953.</span> <span class='ocrx_word' id='word_1_415' title='bbox 474 2963 516 3003; x_wconf 79' lang='lat' dir='ltr'>Coc,</span> <span class='ocrx_word' id='word_1_416' title='bbox 524 2973 541 3005; x_wconf 89' lang='lat' dir='ltr'>p.</span> <span class='ocrx_word' id='word_1_417' title='bbox 555 2964 597 2995; x_wconf 73' lang='lat'>403.</span> <span class='ocrx_word' id='word_1_418' title='bbox 622 2959 675 2993; x_wconf 70' lang='lat' dir='ltr'>Noas</span> <span class='ocrx_word' id='word_1_419' title='bbox 689 2960 709 2993; x_wconf 80' lang='lat' dir='ltr'>of</span> <span class='ocrx_word' id='word_1_420' title='bbox 721 2961 750 2994; x_wconf 85' lang='lat' dir='ltr'>the</span> <span class='ocrx_word' id='word_1_421' title='bbox 765 2961 819 2996; x_wconf 85' lang='lat' dir='ltr'>battle</span> <span class='ocrx_word' id='word_1_422' title='bbox 834 2961 906 2995; x_wconf 73' lang='lat' dir='ltr'>arrived</span> <span class='ocrx_word' id='word_1_423' title='bbox 919 2961 1024 3002; x_wconf 84' lang='lat' dir='ltr'>inDubtin,</span> 
     </span>
     <span class='ocr_line' id='line_1_46' title="bbox 248 3002 416 3047; baseline 0.006 -11"><span class='ocrx_word' id='word_1_424' title='bbox 248 3002 320 3047; x_wconf 82' lang='lat' dir='ltr'>August</span> <span class='ocrx_word' id='word_1_425' title='bbox 330 3005 356 3042; x_wconf 83' lang='lat' dir='ltr'>lt,</span> <span class='ocrx_word' id='word_1_426' title='bbox 368 3006 416 3037; x_wconf 78' lang='grc'>1594.</span> 
     </span>
    </p>
   </div>
   <div class='ocr_carea' id='block_1_4' title="bbox 0 0 1124 3535">
    <p class='ocr_par' dir='ltr' id='par_1_4' title="bbox 0 0 1124 3535">
     <span class='ocr_line' id='line_1_47' title="bbox 0 0 1124 3535; baseline 0 8"><span class='ocrx_word' id='word_1_427' title='bbox 0 0 1124 3535; x_wconf 95' lang='lat' dir='ltr'> </span> 
     </span>
    </p>
   </div>
  </div>
 </body>
</html>
