2237 3535
62 375 106 401 car.
122 358 164 410 nn]
285 369 311 395 nr.
325 368 388 395 nunno
404 367 524 399 Qurnnnonn
540 365 647 394 annorum.
788 352 827 391 153

61 469 116 522 ginta
124 466 237 507 Unnoniam
246 465 348 520 improviso
361 479 461 520 aggressus
469 464 553 518 praedam
564 462 625 516 agit,l
634 464 771 514 sequentesque
780 459 829 500 But-

61 523 119 563 tleros
129 522 215 575 equitum
224 525 243 561 et
253 521 338 574 peditum
353 536 432 562 numero
449 519 555 573 superiores
571 517 635 558 fundit
645 520 664 556 et
673 517 734 569 fugat,
749 515 828 567 aliquos,

61 577 166 631 praesertim
176 576 243 616 ducem
253 577 332 622 Petrum
341 577 452 618 Buttlerum
461 574 536 615 comitis
543 572 632 613 Urmonii
641 576 731 625 nepotem
741 584 764 610 en
771 570 829 630 fratre

62 632 156 673 occidens.
184 631 262 685 Longas
276 632 365 686 Lageniae
374 635 394 672 et
403 630 484 671 Midhiae
499 629 588 682 regiones
602 626 681 668 occultis
690 625 790 666 itineribus
801 624 828 685 ‘ht

61 701 138 727 mensus
148 686 172 727 ad
181 686 323 728 Lochsindilem
339 687 419 727 Midhiae
436 684 528 739 oppidum
541 683 603 737 (Loch
613 681 681 734 Sindil)
693 681 714 721 in
725 694 762 734 quo
772 678 829 719 multi

60 741 122 795 Angli
137 743 263 796 nequicquam
277 757 368 796 pauperes
377 740 544 782 commorabantur
552 738 671 793 perveniens,
681 736 751 799 borum
760 735 828 796 domus

11 818 14 822 ›
60 801 121 837 noctu
137 797 216 837 effractis
230 797 303 838 loribus
320 812 363 838 cum
380 794 541 838 commilitonibus
557 795 661 847 ingressus,
671 804 722 831 viros
731 789 827 837 interficit,

60 851 162 905 praedtquc
178 855 259 893 onustus
278 853 355 893 domum
372 852 428 892 redit.
457 851 489 891 lta
508 850 553 903 quia
571 846 726 890 Protestantibus
745 844 828 906 multum

61 906 125 946 damni
134 907 206 957 intulit,
216 922 251 948 nee
260 908 313 948 facile
323 911 397 961 poterat
407 907 455 960 capi,
465 906 545 946 audacit
554 906 590 945 sut
599 908 619 944 et
628 903 725 957 sylvarum
734 900 828 962 densitate

60 962 155 1012 defensus,
165 967 184 1002 et
193 977 217 1003 ne
226 963 319 1017 majorum
335 967 422 1002 motuum
437 975 492 1002 causa
507 961 564 1010 foret,
579 959 648 1013 Anglis
663 956 828 1016 consultissimum

60 1016 122 1057 risum
135 1021 169 1066 est,
179 1022 202 1057 ut
216 1017 271 1058 illurn
285 1018 305 1058 in
320 1018 377 1058 fidem
393 1017 485 1070 recipiant
501 1015 585 1056 reatibus
602 1013 691 1055 omnibus
706 1012 826 1053 condonatis

59 1071 113 1111 Iuitc
126 1076 188 1126 pacto,
202 1072 276 1125 fideque
292 1072 403 1125 interposita
418 1070 551 1111 Dubblinnam
561 1070 585 1110 ad
599 1069 709 1110 Johannem
724 1066 827 1126 Perrotum

59 1125 141 1167 iberniae
156 1142 254 1180 proregem
271 1127 325 1181 petit.
354 1126 384 1166 De
400 1127 455 1179 cujus
470 1126 553 1165 adventu
567 1139 610 1165 curn
625 1123 741 1177 accepissent
757 1119 827 1161 Dudlu

59 1181 149 1234 Bagnalis
158 1183 224 1223 fratres
234 1186 254 1222 et
263 1181 407 1234 consanguinei,
424 1180 474 1220 aedes
482 1181 503 1219 in
513 1179 582 1232 quibus
596 1179 665 1232 agebat
680 1178 753 1218 armata
766 1188 825 1216 manu

59 1236 181 1277 circumdant.
210 1237 285 1278 Fuscus
298 1236 377 1276 inducit
391 1235 450 1287 galea,
461 1239 515 1274 scuto
524 1235 577 1273 laevae
593 1234 688 1286 imposito,
699 1232 765 1272 stricto
775 1231 824 1270 ferro

58 1291 129 1331 ostium
145 1292 249 1345 pugnando
264 1291 316 1331 solus
332 1290 421 1338 defendit,
438 1289 498 1329 donec
507 1303 577 1341 prorex
590 1289 667 1327 veniens
680 1300 765 1339 pugnam
776 1286 823 1325 dire-

58 1346 120 1395 merit,
130 1352 150 1386 et
159 1346 213 1386 illum
223 1347 318 1386 factorum
326 1344 441 1398 impunitate
451 1343 544 1383 donatum
554 1343 631 1382 domum
642 1341 741 1382 dimiserit.

393 1630 450 1670 CAP.
466 1630 506 1670 ΠΙ.

82 1764 153 1797 Tironae
162 1773 225 1803 comes,
234 1763 265 1806 qui
273 1762 336 1806 Anglis
344 1762 361 1794 in
369 1761 469 1795 rebellionis
477 1761 593 1805 suspicionem
601 1761 654 1801 venit,
663 1761 679 1794 in
685 1761 716 1804 jus
724 1767 803 1796 vocatur.

59 1872 153 1913 Nounun
171 1870 269 1912 O’Ruarlri
286 1875 305 1910 et
321 1870 398 1911 Tuetbii
413 1873 477 1910 motus
494 1870 554 1909 sedati
568 1870 652 1919 fuerunt,
663 1871 707 1910 curn
724 1873 827 1926 majoribus

54 1926 197 1968 antevertendis
213 1926 279 1978 regina
289 1925 396 1965 distinetur.
425 1925 515 1977 Namque
532 1924 593 1977 Hugo
608 1925 702 1966 O’Nellus
713 1929 826 1980 cognomine

58 1982 176 2035 compeditus
187 1980 265 2034 (Aodha
281 1979 382 2020 Gimblach
392 1979 438 2019 Mac
448 1979 497 2019 Scan
506 1979 533 2019 Ui
542 1979 598 2032 Neil)
614 1979 666 2032 qubd
675 1985 735 2021 matre
745 1983 826 2022 vinculis

58 2037 149 2090 impedita
163 2036 221 2076 fuerit
235 2035 305 2083 editus,
321 2034 414 2076 Johannis
429 2034 520 2087 principis
533 2034 584 2073 filius
594 2048 604 2074 e
614 2035 678 2075 beotia
692 2036 713 2075 in
728 2036 825 2078 Iberniam

59 2093 156 2143 reversusll
168 2090 265 2131 Gulielmo
279 2089 412 2143 Fitagulr'ehno
421 2088 486 2141 Anglo
500 2088 583 2129 Iberniae
596 2090 672 2143 proregi
685 2091 743 2131 retent
752 2092 825 2144 aliquot
833 2103 891 2144 [rau]

58 2146 132 2186 nobiles
142 2146 240 2199 Hispanos
250 2159 274 2186 ex
282 2145 399 2185 llletenensis
407 2144 461 2184 ducis
467 2143 525 2184 classe
533 2143 557 2184 ab
564 2143 648 2197 Hugcne
656 2144 739 2186 O'Nello
749 2147 825 2187 Tironae

58 2201 127 2240 comite
137 2201 192 2241 donis
202 2204 279 2241 ornatos
288 2200 309 2240 in
319 2200 401 2240 Scotiam
410 2199 469 2239 fuisse
478 2199 546 2239 missos
555 2202 574 2238 et
584 2199 654 2239 eisdem
663 2199 736 2240 litteras
745 2202 825 2242 traditas

58 2254 82 2294 ad
97 2269 162 2308 regem
177 2255 283 2309 Hispaniae,
301 2254 368 2308 quibus
385 2254 426 2308 ejus
440 2253 551 2306 praesidium
567 2254 588 2294 in
603 2255 687 2307 reginam
702 2254 824 2309 efflagitabat,

58 2323 112 2349 suam
122 2324 197 2363 operam
207 2310 310 2363 pollicens:
325 2310 381 2363 idque
397 2312 460 2349 totum
478 2308 576 2362 Hispanos
590 2323 653 2349 secum
668 2311 823 2360 communicasse,

58 2364 188 2404 existimantes
205 2379 249 2404 curn
266 2366 337 2406 Tirono
353 2365 412 2405 fidum
428 2364 474 2412 iore,
485 2364 534 2404 sicut
548 2368 589 2404 erat
604 2365 768 2418 consanguinitate
778 2381 824 2407 con-

55 2420 135 2471 junctus
145 2423 164 2459 et
173 2420 265 2473 religione
275 2421 389 2461 Oatholicus.
416 2418 488 2458 Prorex
497 2424 516 2458 et
526 2419 627 2459 consilium
636 2420 718 2460 Iberniae
727 2420 748 2461 in
758 2421 824 2461 Strati-

58 2474 127 2515 baliam
137 2474 222 2515 Ultoniae
231 2476 325 2529 oppidum
334 2474 444 2516 Dubhlinna
453 2474 534 2526 profecti
540 2474 631 2514 Tirenum
637 2475 658 2515 in
666 2476 698 2529 jus
707 2480 782 2526 vocant,
790 2477 825 2529 qui

58 2530 130 2569 crimen
147 2529 243 2583 objectum
259 2533 392 2572 incunctanter
407 2532 470 2582 negat,
481 2528 566 2569 subdens
575 2528 687 2583 Compedito
701 2529 778 2571 inimico
789 2546 824 2571 suo

58 2598 98 2624 non
107 2599 148 2625 esse
157 2585 215 2626 fidem
223 2585 338 2627 habendam.
366 2583 487 2638 Gompeditus
497 2598 517 2623 se
526 2584 619 2637 singulari
635 2585 737 2625 certamine
752 2587 825 2627 crimen

58 2639 183 2691 probaturum
199 2641 278 2682 asserit:
294 2641 328 2682 sed
337 2642 376 2695 ipse
390 2644 409 2680 et
418 2640 498 2679 'tironus
513 2638 594 2679 stadium
607 2639 682 2692 ingredi
690 2640 824 2692 probibentur,

58 2693 182 2748 Compeditus
193 2710 212 2736 se
221 2699 281 2736 testes
295 2696 432 2751 producturum
446 2694 549 2734 confirmat.
578 2694 615 2734 Die
624 2695 729 2734 constituta
739 2698 777 2750 quta
786 2702 825 2737 tes-

58 2752 86 2788 tes
96 2750 232 2803 producantur,
239 2752 322 2792 turonus
329 2751 376 2791 datis
386 2749 464 2791 vadibus
473 2749 561 2789 dimissus
567 2748 700 2803 Compeditum
710 2750 826 2804 inquirendo

81 2853 88 2870 '⁶
102 2854 141 2887 The
150 2855 206 2900 rising
215 2856 235 2889 cf
246 2857 277 2890 the
290 2858 357 2891 Brown
372 2857 465 2891 Geraldine
474 2857 560 2889 occurred
573 2856 591 2889 in
606 2859 655 2893 1586.
679 2858 714 2893 See
722 2860 750 2894 his
758 2862 802 2898 feats
811 2865 828 2897 in

59 2894 156 2944 Kilkenny,
164 2900 259 2941 Wexiord,
268 2903 303 2935 and
317 2904 391 2942 Queen's
404 2907 473 2946 countp,
482 2902 574 2935 described
581 2902 599 2935 in
612 2903 642 2936 the
656 2910 667 2926 ‘¹
674 2904 796 2942 Govemment
811 2911 831 2942 of

60 2939 171 3028 Ireland'pg
179 2946 260 2988 Perrott,
268 2959 285 2991 p.
296 2951 334 2981 111.
355 2948 382 2981 He
391 2959 426 2981 uras
433 2948 451 2980 in
458 2958 505 2980 arms
514 2947 566 2992 again
572 2947 590 2981 in
599 2951 647 2985 1594.
666 2952 708 2990 Coa,
716 2963 733 2996 p,
743 2956 783 2988 404,
