2237 3535
118 411 161 438 CAP.
178 397 216 448 HR]
346 406 435 433 turturum
451 407 488 435 SUB
503 407 637 434 ltLthBETHA·
865 400 889 440 97

116 510 158 546 tum
167 505 270 558 improviso
287 504 416 545 circumvenit.
456 505 576 545 O’Donellus
592 504 657 555 paucis
668 503 742 544 amissis
749 504 796 558 fugat
803 506 852 559 petit
862 521 890 546 sa-

117 560 183 601 lutem.
213 559 250 600 Sed
265 573 332 599 rursus
341 560 406 600 eodem
416 560 447 601 (lie
456 560 528 601 uiribus
535 558 670 611 redintegratis
679 572 725 598 cum
733 559 806 600 victore
816 560 891 601 vindice

117 616 182 656 animo
195 615 216 655 111
230 618 325 655 certamen
336 615 408 656 redivit.
438 615 507 656 Multis
526 615 619 667 utrinque
634 613 746 654 cadentibus
757 614 890 669 strenubpug-

117 675 180 711 natur.
209 669 294 710 Tandem
314 669 406 711 O’Nellus
423 671 463 712 aoie
472 669 591 724 profligatus,
602 668 661 721 copiis
672 668 761 715 deletis,i
771 684 814 710 cum
824 673 890 724 paucis

116 726 149 766 1111
156 724 244 773 elabitur,
254 724 376 766 nihil„tamen
385 727 446 780 magis
455 726 527 766 fractus
537 725 609 765 animo.
645 722 736 777 Namque
753 726 854 766 confestim
863 728 890 766 vi-

116 781 169 821 ribus
180 780 299 833 comparatis,
309 784 374 821 octavo
389 786 433 834 post
443 781 480 830 die,
489 794 533 820 cum
547 780 620 833 reginae
630 778 690 832 copiis
700 793 779 820 manum
789 795 891 821 conserens

117 835 201 877 obtinuit
210 835 304 889 insignem
318 835 370 876 illam
379 836 477 877 victoriam
495 850 536 888 quae
546 835 618 875 dicitur
628 837 641 855 “
651 848 741 888 sagorum
753 834 890 885 rubrorum,”†

117 891 168 944 quod
174 892 195 932 in
205 891 270 944 pugnat
284 897 351 945 praeter
360 897 437 932 meteres
445 891 587 940 succubuerint,
602 890 739 943 quadringenti
748 890 818 931 milites
828 906 890 945 nuper

116 961 139 986 er
149 946 222 999 Angla
236 946 331 999 suppetias
341 947 416 1001 proregi
424 947 505 1000 profecti
513 946 601 1000 puniceis
612 945 662 998 sagis
672 944 743 985 induti.
773 944 817 990 Qua
825 950 890 987 tamen

115 1001 196 1041 11010111
214 1000 275 1041 clarus
285 1001 336 1041 haud
345 1002 379 1042 diu
388 1007 431 1055 post
440 1002 523 1042 infauste
535 1002 602 1054 jacuit.
631 1000 652 1040 N
653 1014 684 1041 am
693 1004 717 1040 ut
726 1004 794 1041 contra
802 1003 889 1055 reginam

116 1061 135 1096 et
150 1056 293 1097 O’Donnellum
302 1057 383 1110 majores
392 1058 456 1110 copias
466 1056 549 1106 haberet,
558 1070 581 1095 er
589 1056 653 1096 Scotirt
660 1055 776 1096 Albionensi
787 1057 888 1098 Scotorum

114 1111 210 1165 legionem
215 1112 287 1161 accivit,
295 1126 351 1165 quam
358 1112 408 1164 apud
415 1126 459 1152 cum
467 1112 507 1165 ipse
513 1114 563 1152 esset
568 1112 662 1160 incautus,
671 1111 720 1151 nihil
729 1111 803 1152 adversi
811 1113 881 1153 timens

115 1182 126 1207 a
139 1166 231 1207 militibus
238 1167 305 1215 Sectis,
316 1168 396 1208 Scoticae
404 1166 486 1219 legionis
492 1166 543 1206 haud
554 1165 627 1205 [ludum
636 1169 692 1206 autea
702 1170 805 1220 peremptae
815 1182 887 1208 memo-

114 1222 166 1262 ribus
175 1222 321 1271 circumventus,
332 1226 351 1261 et
359 1221 465 1262 innumeris
474 1234 522 1274 pene
535 1221 644 1273 pugionum
652 1221 723 1261 ictibus
730 1221 811 1262 obrutus
827 1224 886 1263 inter-

114 1278 176 1317 ficitur
190 1277 260 1317 frustra
276 1277 358 1329 legionis
377 1275 458 1315 ducibus
477 1276 560 1315 militum
579 1275 639 1315 furori
657 1275 824 1328 reclamantibust
854 1277 886 1318 Ita

115 1332 188 1373 Scotica
203 1332 253 1384 legio
270 1345 349 1371 suorum
367 1330 490 1383 popularium
505 1343 571 1369 necem
583 1329 625 1368 ulta
640 1329 698 1369 finem
718 1330 884 1373 huicbellofecit.

114 1388 189 1427 Tironae
198 1401 242 1427 vcro
252 1386 371 1439 principatus
376 1385 427 1424 illico
437 1384 561 1437 reginaefisoo
572 1383 665 1423 addicitur
677 1397 681 1419 :
697 1385 731 1424 sed
740 1385 811 1426 frustra
821 1404 826 1426 :
841 1401 886 1428 nam

113 1442 165 1482 illam
184 1441 249 1481 statim
268 1444 350 1493 occupat
366 1439 467 1478 Terentius
477 1437 578 1487 O’Nellns,
589 1437 639 1478 bello
655 1439 728 1479 fessum
747 1443 888 1493 magniqueex

113 1501 166 1549 parte
183 1496 309 1536 devastatum.
338 1494 433 1534 Caeterum
443 1498 509 1533 contra
518 1493 637 1542 Terentium,
655 1493 764 1547 Hugonem
779 1495 885 1537 O'lllellum
914 1539 916 1541 ,

113 1551 217 1592 Fardorchi
233 1550 292 1590 filium
303 1549 369 1602 regina
384 1549 457 1597 incitat,
465 1548 548 1601 adjuvat,
567 1548 643 1589 baronis
652 1549 742 1603 primum,
757 1551 831 1591 comitis
842 1552 887 1592 111111

112 1606 174 1646 titulis
184 1609 246 1646 ornat,
276 1603 335 1649 Quod
342 1604 422 1644 inferius
430 1619 441 1644 a
450 1603 506 1644 nobis
513 1618 548 1644 suo
557 1603 601 1644 loco
607 1603 745 1656 enamabitmll
897 1640 942 1681 [et]

452 1789 510 1829 enP.
525 1789 563 1829 IV.

364 1894 392 1928 De
401 1895 471 1929 Comite
480 1894 621 1929 Glonriclrardae.

113 2004 164 2045 Posr
179 2002 274 2043 lobannis
284 2002 364 2043 O'Nelli
380 2003 467 2043 miseram
486 2003 564 2052 coedem,
584 2004 691 2044 Richardus
701 2004 780 2046 Burlrus
790 2006 887 2047 (3111111011-

114 2060 163 2100 ardeo
180 2072 250 2107 comes
266 2058 321 2112 cujus
334 2058 382 2097 fines
391 2058 412 2097 iu
422 2057 534 2097 Gonnactta
543 2059 608 2112 longe,
617 2059 693 2112 lateque
707 2061 804 2112 patebant,
815 2063 887 2114 reginae

112 2114 192 2168 imperio
206 2114 227 2154 in
246 2127 340 2153 carcerem
350 2112 458 2152 detruditur
468 2113 486 2165 :b
501 2112 520 2152 id
531 2113 582 2153 cuim
592 2114 662 2166 Anglis
681 2115 814 2156 animofinum
828 2127 886 2170 atque

113 2169 238 2210 deliberatum
257 2172 303 2217 erat,
333 2166 413 2208 Ihernos
423 2168 530 2221 optimates,
545 2182 593 2221 quos
604 2169 707 2209 Catholicae
722 2171 818 2224 religionis
826 2186 885 2211 asser-

113 2230 163 2265 tores
172 2225 214 2264 1011
220 2223 297 2264 minime
306 2222 427 2277 ignorabant,
438 2222 461 2262 de
471 2222 533 2262 medio
542 2223 615 2263 tollere.
644 2223 725 2264 Comitis
735 2226 770 2266 filii
779 2226 857 2280 Ulligus
867 2235 886 2267 et

112 2279 212 2319 lohannes
226 2279 296 2332 injuria
311 2279 409 2332 provocati
417 2278 488 2330 reginae
504 2277 576 2318 bellum
585 2279 673 2319 indicunt
687 2294 724 2320 nec
737 2281 820 2335 incaepto
835 2282 889 2335 prius

114 2334 234 2382 destiterunt,
250 2347 307 2386 quam
324 2337 378 2387 pater
396 2334 432 2374 fuit
452 2333 472 2372 in
483 2333 581 2385 pristinam
592 2333 817 2377 libertatemrestitutus.
848 2337 888 2381 Qui

112 2392 178 2442 postea
192 2388 275 2429 moriens
284 2388 339 2429 illum
357 2388 495 2429 Olanrickardae
510 2389 605 2438 comitem,
620 2390 672 2430 hunc
682 2390 780 2432 Leitrimae
795 2392 886 2433 baronem

113 2444 224 2499 superstites
233 2442 316 2497 reliquit.

135 2538 142 2553 ¹
154 2536 179 2569 A.
188 2535 212 2570 D.
222 2534 272 2571 1567.
297 2534 348 2569 nour
357 2534 439 2575 Musteus,
447 2533 486 2566 who
494 2533 549 2577 gives
557 2534 601 2578 long
609 2539 685 2568 account
693 2536 714 2569 of
721 2537 750 2569 the
759 2537 819 2570 battle.
834 2537 884 2581 They

112 2585 204 2626 represent
216 2579 280 2613 O'Neil
289 2591 308 2614 as
316 2579 420 2624 completely
428 2579 495 2612 broken
504 2579 554 2611 down
563 2580 599 2612 aud
607 2580 687 2622 dejected
694 2581 741 2615 after
749 2582 776 2615 his
785 2581 848 2615 defeat.

134 2628 144 2670 †
156 2626 185 2660 No
194 2625 258 2659 record
266 2625 287 2658 of
292 2625 328 2658 this
337 2625 470 2669 battleappears
480 2623 579 2657 elsewhere.
606 2624 645 2658 The
653 2626 727 2669 English
736 2631 819 2667 accounts
827 2627 849 2660 of
854 2627 884 2661 the

112 2670 212 2705 immediate
222 2681 274 2704 cause
282 2670 303 2704 of
310 2670 389 2704 O'Neil's
397 2671 443 2709 ruin,
451 2680 493 2713 vary
501 2669 552 2702 much
559 2668 606 2701 from
615 2670 645 2702 the
651 2670 704 2703 Irish.
858 2668 859 2671 ’

135 2718 145 2758 ss
156 2718 180 2750 Α.
190 2716 214 2749 D.
226 2715 448 2752 1567.-At0ushenoun.
473 2713 506 2748 See
516 2713 638 2747 O'Donovan's
650 2714 700 2747 Four
713 2714 796 2756 Mosters,
804 2728 822 2761 p.
833 2719 884 2751 1619.

135 2762 144 2802 ξ
157 2759 555 2804 Glauriclrardwasimprisonedtwioe3firstiu
566 2758 615 2798 1512,
620 2759 715 2798 Marchlt',
720 2760 751 2793 but
756 2772 789 2794 was
798 2762 885 2796 liberated

113 2804 143 2838 the
159 2817 206 2839 same
222 2817 269 2850 year,
277 2806 329 2839 when
344 2805 371 2838 his
385 2816 431 2845 sons,
447 2805 499 2838 aided
514 2804 534 2848 by
550 2803 676 2842 stramoniae,
690 2805 726 2837 had
739 2808 787 2840 risen
803 2808 883 2842 inerms

113 2849 205 2894 Secondly‚
220 2852 238 2883 in
255 2851 360 2891 1571110111
375 2850 431 2883 which
437 2851 480 2884 time
488 2850 510 2883 he
518 2861 551 2883 iras
560 2849 641 2882 contined
648 2850 666 2882 in
675 2849 745 2883 Dublin
758 2852 793 2885 and
802 2853 884 2892 London,

112 2893 157 2926 until
166 2897 217 2935 1582,
230 2897 280 2929 when
295 2896 318 2929 he
325 2907 360 2929 was
368 2895 459 2929 liberated.
484 2894 513 2927 He
528 2894 567 2927 died
576 2894 606 2926 the
614 2906 660 2928 same
672 2906 720 2939 year,
727 2896 796 2941 shortly
804 2898 850 2931 after
858 2899 884 2932 his

112 2942 173 2988 return
187 2940 233 2973 from
243 2942 331 2986 Eugland.
356 2940 390 2973 His
402 2952 441 2974 sons
457 2941 492 2973 had
507 2940 549 2972 been
563 2939 636 2972 inerms
649 2940 714 2985 during
722 2943 783 2986 nearly
792 2944 822 2976 the
828 2944 885 2977 whole

112 2983 173 3023 period
182 2984 203 3015 of
213 2985 239 3017 his
248 2987 461 3031 imprisonment.-Four
469 2986 548 3019 tras—tara.
763 2985 764 2988 ’

226 3032 250 3069 13
