2237 3535
110 406 156 433 CAP.
165 403 195 431 xl.
274 405 301 433 DE
311 405 408 437 QUATUOR
416 406 488 435 Pnrmls
498 406 658 434 ransucurmn'rs
667 405 758 434 PUNCTIS.
809 437 810 440 Ἴ
844 396 883 436 283

107 499 225 556 imperando,
236 514 337 557 rerumque
346 504 508 546 administrationi
521 504 604 557 ineptos,
615 502 687 556 quique
703 501 757 551 nihil,
768 501 884 544 1111011110-

107 557 190 598 licorum
200 555 271 597 civium
280 559 366 610 consilio,
377 565 397 602 et
405 560 491 609 monitis,
501 558 586 599 audeaut
598 558 672 611 Jubere,
682 556 790 610 praeficiunt
799 556 884 612 Reipub-

108 612 157 661 lioae,
167 625 192 651 ne
201 610 270 662 callidi,
281 617 299 654 et
309 616 368 657 astuti
377 615 462 656 haeretici
471 613 545 669 publici
557 612 604 654 boui
614 611 744 668 gubernaculo
753 611 811 665 potiti
820 614 884 653 omnia

110 668 146 707 sut
154 665 234 707 libidine
243 667 359 710 subvertant.
389 671 438 715 Quae
455 684 499 711 cum
516 668 615 710 didicisset
629 667 721 718 Jacobus,
738 667 806 707 statuit
820 669 883 708 auimo

110 721 196 762 civitates
205 735 271 764 omnes
277 724 430 766 immunitatibus
445 739 519 774 exuere,
529 724 568 765 illis
575 724 608 777 jus
618 723 695 764 creandi
704 723 829 776 magistratus
843 722 883 763 adi·
941 730 942 733 ’

108 790 166 826 mere,
177 775 197 817 id
202 777 309 829 intendens,
317 783 340 819 ut
346 781 377 821 vel
384 780 492 822 Oatholicos
500 779 524 821 ad
531 793 593 821 unum
598 778 671 834 perdat,
679 777 709 819 vel
716 777 739 818 ad
746 781 817 819 sectam
828 792 883 818 suam

108 830 238 873 Calvinianam
247 835 367 875 convertat.t

431 1098 489 1139 CAP.
504 1098 543 1139 XI.

173 1210 229 1254 Regis
237 1210 306 1254 Angliae
314 1211 389 1255 epistola
397 1210 419 1244 ad
426 1210 500 1244 Iberniae
508 1221 608 1255 proregem,
618 1210 709 1245 consilium
718 1215 735 1245 et
743 1212 802 1245 urbes.

105 1312 186 1356 Qurnus
203 1312 226 1352 de
242 1312 299 1354 rebus
318 1317 371 1354 extat
387 1314 428 1367 ejus
444 1313 525 1366 epistola
543 1312 600 1354 nobis
618 1315 640 1354 in
657 1314 750 1357 Latinum
769 1331 875 1359 sermonem

104 1382 199 1408 versa:—

438 1441 516 1493 Epistol
529 1472 533 1481 .

212 1550 290 1583 Jacobus
298 1550 340 1584 Iter
347 1551 370 1584 ad
378 1549 453 1584 Iberniae
461 1549 566 1595 Proregem,
575 1550 668 1585 consilium
676 1555 695 1585 et
702 1552 761 1586 urbes.

125 1626 221 1668 Fidissimi,
229 1631 248 1660 et
256 1627 348 1661 clarissimi
360 1626 431 1660 minime
444 1637 476 1660 vos
488 1626 538 1667 latet,
548 1639 601 1672 quam
615 1628 681 1672 perfide
693 1630 764 1673 egerint
774 1631 843 1676 aliquot
854 1643 876 1666 ex

100 1673 194 1719 praecipuis
202 1672 282 1711 urbibus,
291 1677 308 1705 et
321 1672 390 1717 oppidis
404 1672 454 1705 istius
468 1672 525 1705 nostri
538 1673 589 1717 regni
603 1673 678 1707 Iberniae
686 1675 718 1708 sub
731 1675 799 1710 obitum
810 1682 876 1711 nostrae

101 1720 168 1753 sororis
184 1716 301 1751 dilectissimae
317 1717 427 1751 Elizahethae
441 1716 505 1750 faelicis
526 1718 661 1758 recordationis,
676 1719 754 1763 primum
773 1722 875 1762 inficiando,

101 1764 165 1798 deinde
170 1764 244 1797 nimium
252 1761 292 1795 sero
300 1763 399 1796 confitendo
405 1762 436 1806 jus
443 1766 509 1796 nostrae
517 1763 631 1797 successionis
637 1763 655 1796 in
664 1764 800 1799 dominationem
807 1767 874 1801 horum

100 1809 177 1854 Angliae,
185 1813 203 1842 et
211 1808 287 1841 Iberniae
294 1819 397 1851 regnorum.
418 1806 458 1846 uua
467 1807 488 1840 de
496 1806 549 1840 causa
555 1819 596 1851 pax,
605 1812 623 1841 et
631 1809 726 1843 concordia
733 1810 784 1844 istius
791 1811 873 1856 Reipub-

100 1854 139 1888 licae
151 1853 253 1898 aliquandiu
265 1853 370 1896 perturbata
382 1851 485 1893 fluctuabat,
504 1852 547 1885 dum
560 1853 660 1897 complures
674 1859 776 1889 nostrorum
792 1857 873 1891 subdito-

99 1910 147 1940 rum,
156 1900 183 1932 vel
191 1897 278 1931 actionem
291 1897 341 1929 nobis
354 1897 429 1930 debitam
442 1896 461 1928 in
473 1907 556 1930 coronam
564 1897 671 1942 ignorantes,
679 1899 707 1931 vel
714 1900 761 1933 male
769 1901 787 1934 in
794 1913 826 1935 nos
834 1902 873 1935 ani-

99 1944 144 1977 mati
153 1944 174 1977 de
182 1940 281 1977 ohedientia
287 1946 352 1975 nostrae
359 1941 412 1986 regiae
419 1952 499 1984 personae
507 1941 566 1974 debita
574 1942 698 1977 dissenserunt.
723 1944 763 1983 Quo
771 1946 872 1989 periculoso

99 1987 221 2022 inobedientiae
228 1986 306 2030 exemplo
311 1997 347 2019 non
353 1986 437 2025 conteuti,
445 1985 507 2019 eadem
514 1985 588 2020 audaciai
595 1987 628 2020 sibi
636 1994 767 2031 assumpserunt
773 1990 804 2033 jus
811 1992 872 2037 legum

100 2034 231 2067 condendarum
243 2031 394 2076 gerendarumque
404 2030 546 2074 magistratuum,
554 2043 590 2065 non
598 2032 655 2065 solum
661 2033 771 2076 prohibendo
779 2037 871 2079 publicum

99 2079 168 2112 cultum
176 2088 221 2111 verae
229 2076 325 2120 refigionis,
333 2080 351 2108 et
359 2075 410 2109 officii
418 2075 473 2108 divini
485 2075 572 2109 sancitum
586 2076 692 2110 auctoritate
700 2079 811 2122 parliamenti
818 2082 871 2115 istius

98 2123 162 2167 regni3
178 2121 208 2155 sed
223 2121 276 2154 etiam
292 2121 363 2160 tuendo,
378 2125 396 2154 et
408 2120 508 2153 extollendo
523 2120 610 2155 Romanae
627 2121 724 2167 Synagogae
736 2126 870 2169 superstitiones

98 2168 160 2201 eodem
168 2168 221 2200 etiam
228 2165 337 2210 parlamento
346 2166 442 2199 damnatas.
468 2164 509 2204 (luit
516 2166 587 2210 quidem
597 2166 617 2199 iu
624 2177 644 2200 re
652 2166 673 2200 eo
682 2171 802 2210 contumaciae,
810 2176 829 2204 et
836 2172 869 2205 im-

97 2211 223 2246 moderationis
230 2222 332 2255 processum
341 2215 372 2250 est,
380 2215 401 2244 ut
408 2214 468 2243 noster
476 2210 516 2244 istic
523 2222 595 2255 prorex,
604 2216 622 2244 et
629 2211 726 2256 imperator
733 2214 788 2248 fuerit
796 2221 869 2250 coactus

97 2269 139 2291 cum
146 2256 225 2290 exercitu
232 2260 293 2289 nostro
300 2256 359 2289 facere
367 2255 501 2300 expeditionem,
508 2261 528 2289 ut
534 2256 598 2289 horum
606 2257 699 2291 temeraria
706 2269 749 2292 ausa
756 2260 868 2304 reprimeret,

97 2303 202 2345 eosdemque
209 2301 312 2334 restitueret
326 2301 349 2334 ad
361 2300 478 2334 obedientiam
491 2305 552 2334 nostro
560 2301 634 2345 imperio
643 2302 724 2337 debitam.
747 2304 868 2340 Nihilominus

96 2351 158 2380 nostra
165 2346 262 2385 clementia,
270 2346 414 2390 indulgentiaque
424 2345 515 2390 hucusque
528 2350 579 2380 tanta
586 2347 605 2379 in
613 2347 642 2380 eo's
650 2346 689 2388 fuit,
697 2352 717 2381 ut
725 2360 760 2382 non
768 2351 820 2384 modo
829 2352 868 2397 dig-

96 2392 134 2425 nati
142 2391 226 2425 fuerimus
234 2391 283 2424 fictas
292 2402 354 2424 eorum
368 2390 488 2424 excusationes
500 2395 548 2424 ratas
561 2391 633 2430 habere,
642 2396 751 2437 contemptus
760 2396 867 2435 condonare,

96 2437 253 2479 executionemque
261 2436 402 2480 dignissimorum
409 2435 536 2478 suppliciorum
544 2437 638 2470 severitate
645 2441 745 2471 nostrarum
757 2439 816 2484 legum
824 2452 867 2475 con-

96 2483 200 2516 stitutorum
207 2481 243 2514 illis
255 2480 357 2522 remittere;
370 2481 400 2514 sed
407 2480 464 2514 adhuc
477 2485 543 2513 nostrae
551 2492 594 2526 erga
608 2492 636 2515 001
649 2483 784 2526 aequanimitatis
797 2485 869 2519 uberio-

95 2539 134 2561 rem
142 2525 286 2572 significationem
293 2526 378 2570 praehere,
387 2525 445 2559 multis
458 2525 538 2565 urbibus,
551 2530 568 2559 et
581 2525 648 2570 oppidis
656 2526 757 2570 diplomata,
765 2529 867 2575 privilegia-

95 2583 130 2616 que
138 2571 259 2615 coroborando
274 2582 314 2604 cum
327 2570 397 2604 cumulo
407 2570 503 2603 multarum
517 2570 654 2611 immunitatum,
667 2576 685 2604 et
696 2575 832 2616 exemptionum,
845 2581 867 2610 ut

93 2617 148 2651 iidem
155 2617 189 2662 ipsi
196 2616 286 2660 optabant,
299 2616 367 2660 quoties
375 2616 394 2649 id
401 2626 431 2649 nos
440 2614 547 2659 supplicibus
554 2615 619 2649 libellis
626 2621 718 2659 rogarunt.
734 2617 816 2663 Namque
824 2632 867 2665 per.

94 2673 166 2696 suasum
173 2661 265 2695 habuimus
273 2661 327 2694 tantis
335 2661 399 2704 nostris
407 2659 494 2694 benefieiis
503 2670 532 2692 eos
546 2660 679 2705 obstringendos
687 2661 746 2703 fuisse,
754 2668 775 2696 ut
783 2665 866 2711 deinceps

94 2707 203 2741 observando
211 2711 280 2739 nostras
288 2706 342 2750 leges,
350 2710 368 2739 et
376 2704 550 2744 administrationem,
559 2708 665 2738 conarentur
673 2707 766 2740 ostendere
775 2720 793 2742 se
802 2710 866 2755 dignos

92 2753 169 2797 receptis
177 2752 233 2791 donis,
241 2756 262 2784 ut
269 2751 354 2784 memoria
360 2750 485 2795 indignationis
492 2754 557 2783 nostrae
564 2749 583 2782 in
591 2761 620 2783 eos
625 2749 726 2793 justissima
732 2752 865 2791 obliteraretur.

93 2796 254 2831 verumenimvero
261 2794 369 2841 experientia
376 2795 425 2828 nobis
437 2799 547 2838 compertum
555 2799 587 2835 est,
594 2793 643 2827 suavi
651 2794 681 2828 illa
688 2796 762 2841 mitique
771 2799 866 2837 clementia

92 2841 160 2881 nostrai,
174 2854 208 2886 qua
222 2841 256 2875 illis
269 2842 353 2875 hactenus
369 2839 478 2878 indulsimus,
489 2839 508 2872 id
520 2839 602 2872 effectum
611 2849 653 2880 esse,
667 2845 687 2873 ut
701 2843 769 2886 regiam
784 2851 869 2890 nostram·

93 2887 218 2920 auctoritatem
229 2884 538 2931 1010101111,010111110111111111,01
552 2884 657 2929 oppidorum
668 2885 708 2930 istic
715 2890 822 2931 praetoribus
834 2894 865 2927 ob.

117 2963 124 2978 ³
137 2963 174 2997 For
183 2964 273 3010 Mooney’s
281 2965 350 2999 version
359 2964 379 2999 01
385 2973 431 2998 some
439 2947 516 3004 factata
525 2964 559 2997 this
568 2964 647 3009 chapter,
656 2975 684 2999 see
692 2967 793 3011 Appendix.
